@article{yu2021mappo,
  title   = {The Surprising Effectiveness of PPO in Cooperative Multi-Agent Games},
  author  = {Yu, Chengjie and Dong, Hao and Zhao, Yiqun and Zheng, Shuxin},
  journal = {Advances in Neural Information Processing Systems},
  volume  = {34},
  pages   = {1091--1104},
  year    = {2021}
}

@inproceedings{Raileanu2023,
  author    = {R{\u{a}}ileanu, Silviu
               and Borangiu, Theodor},
  title     = {A Review of Multi-agent Systems Used in Industrial Applications},
  booktitle = {Service Oriented, Holonic and Multi-Agent Manufacturing Systems for Industry of the Future},
  year      = {2023},
  publisher = {Springer Int. Publishing},
  address   = {Cham},
  pages     = {3--22},
  isbn      = {978-3-031-24291-5}
}

@inproceedings{Schon2021,
  title     = {Integration of Multi-Fidelity Models with Agent-Based Simulation for System of Systems},
  author    = {{Sch{\"o}n, Sofia et. al.}},
  booktitle = {AIAA AVIATION 2021 FORUM},
  pages     = {2996},
  year      = {2021}
}

@article{Kathleen2020,
  author         = {Keogh, Kathleen and Sonenberg, Liz},
  title          = {Designing Multi-Agent System Organisations for Flexible Runtime Behaviour},
  journal        = {Applied Sciences},
  volume         = {10},
  year           = {2020},
  number         = {15},
  article-number = {5335},
  url            = {https://www.mdpi.com/2076-3417/10/15/5335},
  issn           = {2076-3417}
}

@misc{akiba2019optuna,
      title={Optuna: A Next-generation Hyperparameter Optimization Framework}, 
      author={Takuya Akiba and Shotaro Sano and Toshihiko Yanase and Takeru Ohta and Masanori Koyama},
      year={2019},
      eprint={1907.10902},
      archivePrefix={arXiv},
      primaryClass={cs.LG},
      url={https://arxiv.org/abs/1907.10902}, 
}

@article{flair2023jaxmarl,
      title={JaxMARL: Multi-Agent RL Environments in JAX},
      author={Alexander Rutherford and Benjamin Ellis and Matteo Gallici and Jonathan Cook and Andrei Lupu and Gardar Ingvarsson and Timon Willi and Akbir Khan and Christian Schroeder de Witt and Alexandra Souly and Saptarashmi Bandyopadhyay and Mikayel Samvelyan and Minqi Jiang and Robert Tjarko Lange and Shimon Whiteson and Bruno Lacerda and Nick Hawes and Tim Rocktaschel and Chris Lu and Jakob Nicolaus Foerster},
      journal={arXiv preprint arXiv:2311.10090},
      year={2023}
    }

@article{foerster2018counterfactual,
  title   = {Counterfactual multi-agent policy gradients},
  author  = {Foerster, Jakob and others},
  journal = {International Conference on Machine Learning (ICML)},
  year    = {2018}
}

@article{rashid2018qmix,
  title   = {QMIX: Monotonic value function factorisation for deep multi-agent reinforcement learning},
  author  = {Rashid, Tabish and Samvelyan, Mikayel and Schroeder, Christian and Farquhar, Gregory and Foerster, Jakob and Whiteson, Shimon},
  journal = {Proceedings of the 35th International Conference on Machine Learning},
  pages   = {4295--4304},
  year    = {2018}
}

@misc{Maxwell2021,
      title={CybORG: A Gym for the Development of Autonomous Cyber Agents}, 
      author={Maxwell Standen and Martin Lucas and David Bowman and Toby J. Richer and Junae Kim and Damian Marriott},
      year={2021},
      eprint={2108.09118},
      archivePrefix={arXiv},
      primaryClass={cs.CR}
}

@article{overcookedai,
  title   = {Overcooked-AI: A Benchmark for Multi-Agent Learning under Partial Observability},
  author  = {Carroll, Micah and Shah, Rohin and Ho, Mark and Griffiths, Tom and Abbeel, Pieter and Dragan, Anca},
  journal = {Proceedings of the 2020 IEEE/RSJ International Conference on Intelligent Robots and Systems (IROS)},
  year    = {2020},
  pages   = {2374--2380}
}

@article{lowe2017multi,
  title   = {Multi-Agent Actor-Critic for Mixed Cooperative-Competitive Environments},
  author  = {Lowe, Ryan and Wu, Yi I and Tamar, Aviv and Harb, Jean and Abbeel, Pieter and Mordatch, Igor},
  journal = {Advances in Neural Information Processing Systems},
  year    = {2017},
  volume  = {30}
}

@article{hu2021marlib,
  title   = {MarlLib: A comprehensive library for multi-agent reinforcement learning},
  author  = {Hu, Qi and Chen, Jun and Zhao, Jiajun and Xu, Zhenyu and Liu, Xiaolin and others},
  journal = {arXiv preprint arXiv:2106.05912},
  year    = {2021}
}

@misc{kwiatkowski2024,
  title         = {Gymnasium: A Standard Interface for Reinforcement Learning Environments},
  author        = {Ariel Kwiatkowski and Mark Towers and Jordan Terry and John U. Balis and Gianluca De Cola and Tristan Deleu and Manuel Goulão and Andreas Kallinteris and Markus Krimmel and Arjun KG and Rodrigo Perez-Vicente and Andrea Pierré and Sander Schulhoff and Jun Jet Tai and Hannah Tan and Omar G. Younis},
  year          = {2024},
  eprint        = {2407.17032},
  archiveprefix = {arXiv},
  primaryclass  = {cs.LG},
  url           = {https://arxiv.org/abs/2407.17032}
}

@article{terry2020pettingzoo,
  title   = {PettingZoo: Gym for multi-agent reinforcement learning},
  author  = {Terry, Justin K and Black, Benjamin and Grammel, Nathaniel and Jayakumar, Mario and Hari, Ananth and Sulivan, Eugene and Perez, Ruben Glatt and Santos, Lukas and Horsch, Cameron and Dieffendahl, Christian and others},
  journal = {Proceedings of the NeurIPS 2020 Track on Datasets and Benchmarks},
  pages   = {21--23},
  year    = {2020}
}

@inproceedings{ferber2003,
  title       = {{Agent/Group/Roles: Simulating with Organizations}},
  author      = {Ferber, Jacques and Gutknecht, Olivier and Michel, Fabien},
  url         = {https://hal-lirmm.ccsd.cnrs.fr/lirmm-00269714},
  booktitle   = {{ABS 2003 - 4th International Workshop on Agent-Based Simulation}},
  address     = {Montpellier, France},
  editor      = {Muller, J.P.},
  year        = {2003},
  month       = Apr,
  keywords    = {Multi-agent systems ; organizations ; organizational structures ; multi-agent methodology ; multi-agent design ; agent based simulation},
  pdf         = {https://hal-lirmm.ccsd.cnrs.fr/lirmm-00269714v1/file/ArticleABS03.AGR-Simulating_with_org.pdf},
  hal_id      = {lirmm-00269714},
  hal_version = {v1}
}

@book{Oliehoek2016,
  title     = {A Concise Introduction to Decentralized POMDPs},
  author    = {Frans A. Oliehoek and Christopher Amato},
  year      = {2016},
  publisher = {Springer},
  isbn      = {978-3-319-28929-8},
  url       = {https://link.springer.com/book/10.1007/978-3-319-28929-8}
}

@inproceedings{Beynier2013,
  title     = {A Decentralized Approach for Reinforcement Learning in Cooperative Multi-agent Systems},
  author    = {Aurélie Beynier and Alain Mouaddib},
  booktitle = {Proceedings of the 23rd International Joint Conference on Artificial Intelligence (IJCAI)},
  pages     = {163-168},
  year      = {2013}
}

@article{Albrecht2024,
  title   = {Survey on Recent Advances in Cooperative Multi-Agent Reinforcement Learning},
  author  = {Stefano V. Albrecht and Jacob Y. Foerster},
  journal = {Journal of Artificial Intelligence Research},
  year    = {2024},
  note    = {to appear}
}

@inproceedings{achiam2017cpo,
  title     = {Constrained Policy Optimization},
  author    = {Achiam, Joshua and Held, David and Tamar, Aviv and Abbeel, Pieter},
  booktitle = {Proceedings of the 34th International Conference on Machine Learning},
  pages     = {22--31},
  year      = {2017}
}

@inproceedings{ray2019benchmarking,
  title     = {Benchmarking Safe Exploration in Deep Reinforcement Learning},
  author    = {Ray, Alex and Achiam, Joshua and Amodei, Dario},
  booktitle = {arXiv preprint arXiv:1910.01708},
  year      = {2019}
}

@article{garcia2015comprehensive,
  title   = {A comprehensive survey on safe reinforcement learning},
  author  = {Garcia, Javier and Fernandez, Fernando},
  journal = {Journal of Machine Learning Research},
  volume  = {16},
  number  = {1},
  pages   = {1437--1480},
  year    = {2015}
}

@article{alshiekh2018safe,
  title   = {Safe reinforcement learning via shielding},
  author  = {Alshiekh, Mohammed and Bloem, Roderick and Johnson, Matthew and Kapinski, James and Julian, Keith and Kochenderfer, Mykel J},
  journal = {Proceedings of the 32nd AAAI Conference on Artificial Intelligence},
  year    = {2018}
}

@inproceedings{ghavamzadeh2006hrl,
  title     = {Hierarchical reinforcement learning with cooperative agents},
  author    = {Ghavamzadeh, Mohammad and Mahadevan, Sridhar},
  booktitle = {Proceedings of the 23rd International Conference on Machine Learning},
  pages     = {119--126},
  year      = {2006}
}

@article{foerster2018communication,
  title   = {Learning to Communicate with Deep Multi-Agent Reinforcement Learning},
  author  = {Foerster, Jakob and Assael, Yannis and de Freitas, Nando and Whiteson, Shimon},
  journal = {Advances in Neural Information Processing Systems},
  volume  = {31},
  pages   = {2137--2145},
  year    = {2018}
}

@inproceedings{wilson2008learning,
  title={Learning and transferring roles in multi-agent MDPs},
  author={Wilson, Andrew and Fern, Alan and Ray, Soumya and Tadepalli, Prasad},
  booktitle={Proceedings of AAAI},
  year={2008},
  organization={AAAI}
}

@article{berenji2000learning,
  title={Learning, cooperation, and coordination in multi-agent systems},
  author={Berenji, Hamid R and Vengerov, David},
  journal={Inference Systems Corporation, Technical report},
  year={2000}
}

@article{yusuf2020inferential,
  title={Inferential Reasoning for Heterogeneous Multi-Agent Missions},
  author={Yusuf, Sagir M and Baber, Christopher},
  journal={International Journal of Electrical and Computer Engineering},
  year={2020}
}

@inproceedings{serrino2019finding,
  title={Finding Friend and Foe in Multi-Agent Games},
  author={Serrino, Jack and Kleiman-Weiner, Max and others},
  booktitle={Advances in Neural Information Processing Systems},
  year={2019}
}

@article{Hubner2007,
  title     = {Developing organised multiagent systems using the MOISE+ model: programming issues at the system and agent levels},
  issn      = {1746-1383},
  url       = {http://dx.doi.org/10.1504/IJAOSE.2007.016266},
  doi       = {10.1504/ijaose.2007.016266},
  journal   = {Int. Journal of Agent-Oriented Software Engineering},
  publisher = {Inderscience Publishers},
  author    = {{Hubner,  Jomi F et. al.}},
  year      = {2007},
  pages     = {370}
}

@phdthesis{SaoMai2024,
  author = {Sao Mai, N.},
  title = {The intrinsic motivation of reinforcement and imitation learning for sequential tasks},
  school = {HAL Archive},
  year = {2024},
  url = {https://hal.science/tel-04853270}
}

@article{Matsuyama2025,
  author = {Matsuyama, K. and Su, K. and Wang, J. and Ye, D. and Lu, Z.},
  title = {CORD: Generalizable Cooperation via Role Diversity},
  journal = {arXiv preprint},
  year = {2025},
  archivePrefix = {arXiv},
  eprint = {2501.02221},
  url = {https://arxiv.org/abs/2501.02221}
}

@article{Qi2024,
  author = {Qi, Y. and Cao, J. and Wu, B.},
  title = {Bidirectional Q-learning for recycling path planning of used appliances under strong and weak constraints},
  journal = {Communications in Transportation Research},
  year = {2024},
  url = {https://www.sciencedirect.com/science/article/pii/S2772424724000362}
}

@article{Xie2024,
  author = {Xie, Z. and Shen, S. and Wang, Y. and Qiao, C. and Tang, B.},
  title = {Roco: Role-Oriented Communication for Efficient Multi-Agent Reinforcement Learning},
  journal = {SSRN Electronic Journal},
  year = {2024},
  url = {https://papers.ssrn.com/sol3/papers.cfm?abstract_id=5060074}
}

@incollection{Isakov2024,
  author = {Isakov, A. and Peregorodiev, D. and Brunko, P. and Tomilov, I.},
  title = {Cooperative-Competitive Decision-Making in Resource Management: A Reinforcement Learning Perspective},
  booktitle = {Advances in Machine Learning and Automated Learning},
  publisher = {Springer},
  year = {2024},
  doi = {10.1007/978-3-031-77731-8_34},
  url = {https://link.springer.com/chapter/10.1007/978-3-031-77731-8_34}
}

@article{Wen2024,
  author = {Wen, W. and Long, W. and Zhai, P. and Zhang, L.},
  title = {Role Play: Learning Adaptive Role-Specific Strategies in Multi-Agent Interactions},
  journal = {arXiv preprint},
  year = {2024},
  archivePrefix = {arXiv},
  eprint = {2411.01166},
  url = {https://arxiv.org/abs/2411.01166}
}
