@inproceedings{boissier2013omni,
  title        = {The OMNI framework, a platform for organizations modeling, implementation and simulation},
  author       = {Boissier, Olivier and Balbo, Flavia and Badeig, Fabien},
  booktitle    = {International Conference on Principles and Practice of Multi-Agent Systems},
  pages        = {370--385},
  year         = {2013},
  organization = {Springer}
}

% =======================
@article{lowe2017multi,
  title={Multi-agent actor-critic for mixed cooperative-competitive environments},
  author={Lowe, Ryan and Wu, Yi and Tamar, Aviv and Harb, Jean and Abbeel, Pieter and Mordatch, Igor},
  journal={arXiv preprint arXiv:1706.02275},
  year={2017}
}

@INPROCEEDINGS{hammar_stadle4_noms_23,
  author={Hammar, Kim and Stadler, Rolf},
  booktitle={NOMS 2023-2023 IEEE/IFIP Network Operations and Management Symposium},
  title={Digital Twins for Security Automation},
  year={2023},
  volume={},
  number={},
  pages={1-6},
  doi={10.1109/NOMS56928.2023.10154288}}

@misc{dulacarnold2019,
      title={Challenges of Real-World Reinforcement Learning}, 
      author={Gabriel Dulac-Arnold and Daniel Mankowitz and Todd Hester},
      year={2019},
      eprint={1904.12901},
      archivePrefix={arXiv},
      primaryClass={cs.LG},
      url={https://arxiv.org/abs/1904.12901}, 
}

@inproceedings{soule2024,
  author       = {Julien Soul{\'{e}} and
                  Jean{-}Paul Jamont and
                  Michel Occello and
                  Louis{-}Marie Traonouez and
                  Paul Th{\'{e}}ron},
  editor       = {Ilias Maglogiannis and
                  Lazaros S. Iliadis and
                  John MacIntyre and
                  Markos Avlonitis and
                  Antonios Papaleonidas},
  title        = {A MARL-Based Approach for Easing {MAS} Organization Engineering},
  booktitle    = {Artificial Intelligence Applications and Innovations - 20th {IFIP}
                  {WG} 12.5 International Conference, {AIAI} 2024, Corfu, Greece, June
                  27-30, 2024, Proceedings, Part {IV}},
  series       = {{IFIP} Advances in Information and Communication Technology},
  volume       = {714},
  pages        = {321--334},
  publisher    = {Springer},
  year         = {2024},
  url          = {https://doi.org/10.1007/978-3-031-63223-5\_24},
  doi          = {10.1007/978-3-031-63223-5\_24},
  timestamp    = {Mon, 24 Jun 2024 17:02:56 +0200},
  biburl       = {https://dblp.org/rec/conf/ifip12/SouleJOTT24.bib},
  bibsource    = {dblp computer science bibliography, https://dblp.org}
}

@inproceedings{yu2022surprising,
  title={The Surprising Effectiveness of PPO in Cooperative Multi-Agent Games},
  author={Yu, Changhee and Kim, Junsu and Park, Jaekyeom and Son, Kimin and Lee, Seungjae Ryan and Lee, Jinwoo Shin},
  booktitle={Proceedings of the 35th Conference on Neural Information Processing Systems},
  year={2022}
}

@inproceedings{rashid2018qmix,
  title={Qmix: Monotonic value function factorisation for deep multi-agent reinforcement learning},
  author={Rashid, Tabish and Samvelyan, Mikayel and De Witt, Christian Schroeder and Farquhar, Gregory and Foerster, Jakob N and Whiteson, Shimon},
  booktitle={International conference on machine learning},
  pages={4295--4304},
  year={2018},
  organization={PMLR}
}

@article{hubner2007jacamo,
  title={JACAMO: A framework for multi-agent programming},
  author={Hubner, Jomi F and Bordini, Rafael H and Boissier, Olivier and Ricci, Alessandro},
  journal={International Workshop on Programming Multi-Agent Systems},
  pages={45--59},
  year={2007},
  organization={Springer}
}

@inproceedings{boissier2013ora4mas,
  title={An organizational platform for holonic and multi-agent systems},
  author={Boissier, Olivier and Hubner, Jomi F and Ricci, Alessandro},
  booktitle={International Conference on Industrial Applications of Holonic and Multi-Agent Systems},
  pages={1--12},
  year={2013},
  organization={Springer}
}

@article{gomes2019dynamic,
  title={Dynamic multi-agent deep reinforcement learning for decentralized intrusion detection in resource-constrained cyber-physical systems},
  author={Gomes, Joao and Yadav, Saraju P},
  journal={arXiv preprint arXiv:1901.08297},
  year={2019}
}

@inproceedings{nguyen2021reinforcement,
  title={Reinforcement learning for threat hunting and security incident response},
  author={Nguyen, Khoa and Pasquier, Thomas},
  booktitle={Proceedings of the 2021 ACM SIGSAC Conference on Computer and Communications Security},
  pages={2822--2824},
  year={2021}
}

@article{zhang2020multi,
  title={Multi-agent reinforcement learning for cyber defense: Current research and open problems},
  author={Zhang, Guanyu and Zhu, Quanyan and Basar, Tamer},
  journal={arXiv preprint arXiv:2004.01852},
  year={2020}
}

@book{oliehoek2016concise,
  title={A concise introduction to decentralized POMDPs},
  author={Oliehoek, Frans A and Amato, Christopher},
  year={2016},
  publisher={Springer}
}

% =======================

@inproceedings{Mefteh2013,
  author    = {Mefteh, Wafa and Migeon, Frédéric and Gleizes, Marie-Pierre and Gargouri, Faiez},
  booktitle = {Work. on Enabling Technologies: Infrastructure for Collaborative Enterprises},
  title     = {Simulation Based Design for Adaptive Multi-agent Systems: Extension to the ADELFE Methdology},
  year      = {2013},
  volume    = {},
  number    = {},
  pages     = {36-38},
  doi       = {10.1109/WETICE.2013.60}
}

@article{Deloach2001,
  title     = {MULTIAGENT SYSTEMS ENGINEERING},
  volume    = {11},
  issn      = {1793-6403},
  url       = {http://dx.doi.org/10.1142/S0218194001000542},
  doi       = {10.1142/s0218194001000542},
  number    = {03},
  journal   = {International Journal of Software Engineering and Knowledge Engineering},
  publisher = {World Scientific Pub Co Pte Lt},
  author    = {DELOACH,  SCOTT A. and WOOD,  MARK F. and SPARKMAN,  CLINT H.},
  year      = {2001},
  month     = jun,
  pages     = {231–258}
}

@article{hu2022marllib,
  author  = {Siyi Hu and Yifan Zhong and Minquan Gao and Weixun Wang and Hao Dong and Xiaodan Liang and Zhihui Li and Xiaojun Chang and Yaodong Yang},
  title   = {MARLlib: A Scalable and Efficient Multi-agent Reinforcement Learning Library},
  journal = {Journal of Machine Learning Research},
  year    = {2023},
}

@article{cruz2020norms,
  title     = {Norms in multi-agent systems: A review},
  author    = {Cruz, Bruno and Lopes Cardoso, H and Oliveira, E},
  journal   = {Artificial Intelligence Review},
  volume    = {53},
  number    = {6},
  pages     = {4691--4714},
  year      = {2020},
  publisher = {Springer}
}

@article{villatoro2011social,
  title     = {Social instruments for robust convention emergence},
  author    = {Villatoro, Daniel and Sen, Sandip and Sabater-Mir, Jordi},
  journal   = {International Journal of Agent Technologies and Systems (IJATS)},
  volume    = {3},
  number    = {2},
  pages     = {31--45},
  year      = {2011},
  publisher = {IGI Global}
}

@inproceedings{krupanski2015norm,
  title        = {Norm emergence with metanorms in light of prospects and reputations},
  author       = {Krupanski, Marc},
  booktitle    = {International Conference on Principles and Practice of Multi-Agent Systems},
  pages        = {250--265},
  year         = {2015},
  organization = {Springer}
}

@article{vos2020governing,
  title     = {Governing MAS: norms, policies and mechanisms},
  author    = {Vos, Martijn De and Morge, Mathieu},
  journal   = {Autonomous Agents and Multi-Agent Systems},
  volume    = {34},
  number    = {1},
  pages     = {1--31},
  year      = {2020},
  publisher = {Springer}
}

@article{dignum2004agent,
  title   = {Agent societies: towards frameworks-based design},
  author  = {Dignum, Virginia},
  journal = {Proceedings of the Second European Workshop on Multi-Agent Systems},
  year    = {2004}
}

@misc{doshivelez2017rigorous,
  title         = {Towards A Rigorous Science of Interpretable Machine Learning},
  author        = {Finale Doshi-Velez and Been Kim},
  year          = {2017},
  eprint        = {1702.08608},
  archiveprefix = {arXiv},
  primaryclass  = {stat.ML}
}

@incollection{andrighetto2013normative,
  title     = {Normative agent-based models of socio-technical systems},
  author    = {Andrighetto, Giulia and Villatoro, Daniel and Conte, Rosaria},
  booktitle = {Normative multi-agent systems},
  pages     = {181--223},
  year      = {2013},
  publisher = {Schloss Dagstuhl-Leibniz-Zentrum fuer Informatik}
}

@article{gunning2019xai,
  author   = {David Gunning  and Mark Stefik  and Jaesik Choi  and Timothy Miller  and Simone Stumpf  and Guang-Zhong Yang },
  title    = {XAI—Explainable artificial intelligence},
  journal  = {Science Robotics},
  volume   = {4},
  number   = {37},
  pages    = {eaay7120},
  year     = {2019},
  doi      = {10.1126/scirobotics.aay7120},
  url      = {https://www.science.org/doi/abs/10.1126/scirobotics.aay7120},
  eprint   = {https://www.science.org/doi/pdf/10.1126/scirobotics.aay7120},
  abstract = {Explainability is essential for users to effectively understand, trust, and manage powerful artificial intelligence applications. Explainability is essential for users to effectively understand, trust, and manage powerful artificial intelligence applications.}
}

@inproceedings{soule2024aomea,
  title     = {A MARL-based Approach for Easing MAS Organization Engineering (Accepted)},
  author    = {Soulé, Julien and Jamont, Jean-Paul and Occello, Michel and Théron, Paul and Traonouez, Louis-Marie},
  booktitle = {Artificial Intelligence Applications and Innovations: 20th IFIP WG International Conference, AIAI 2024, Corfu, Greece, June 27-30, 2024, Proceedings 20},
  year      = {2024},
  publisher = {Springer}
}

@inproceedings{soule2024aomea-anonymous,
  title     = {A MARL-based Approach for Easing MAS Organization Engineering (Accepted)},
  author    = {Anonymized},
  booktitle = {Artificial Intelligence Applications and Innovations: 20th IFIP WG International Conference, AIAI 2024, Corfu, Greece, June 27-30, 2024, Proceedings 20},
  year      = {2024},
  publisher = {Springer}
}

@inproceedings{ribeiro2016classifier,
  author    = {Ribeiro, Marco Tulio and Singh, Sameer and Guestrin, Carlos},
  title     = {"Why Should I Trust You?": Explaining the Predictions of Any Classifier},
  year      = {2016},
  isbn      = {9781450342322},
  publisher = {Association for Computing Machinery},
  address   = {New York, NY, USA},
  url       = {https://doi.org/10.1145/2939672.2939778},
  doi       = {10.1145/2939672.2939778},
  booktitle = {Proceedings of the 22nd ACM SIGKDD International Conference on Knowledge Discovery and Data Mining},
  pages     = {1135–1144},
  numpages  = {10},
  keywords  = {interpretable machine learning, interpretability, explaining machine learning, black box classifier},
  location  = {San Francisco, California, USA},
  series    = {KDD '16}
}

@inproceedings{lundberg2017unified,
  author    = {Lundberg, Scott M and Lee, Su-In},
  booktitle = {Advances in Neural Information Processing Systems},
  editor    = {I. Guyon and U. Von Luxburg and S. Bengio and H. Wallach and R. Fergus and S. Vishwanathan and R. Garnett},
  pages     = {},
  publisher = {Curran Associates, Inc.},
  title     = {A Unified Approach to Interpreting Model Predictions},
  url       = {https://proceedings.neurips.cc/paper_files/paper/2017/file/8a20a8621978632d76c43dfd28b67767-Paper.pdf},
  volume    = {30},
  year      = {2017}
}


@article{kok2006collaborative,
  title     = {Collaborative multiagent reinforcement learning by payoff propagation},
  author    = {Kok, Jelle R and Vlassis, Nikos},
  journal   = {Journal of machine learning research},
  volume    = {7},
  year      = {2006},
  publisher = {MIT Press, United States-Massachusetts},
  editor    = {Michael Littman}
}

@article{omidshafiei2019learning,
  title   = {Learning to Teach in Cooperative Multiagent Reinforcement Learning},
  volume  = {33},
  url     = {https://ojs.aaai.org/index.php/AAAI/article/view/4570},
  doi     = {10.1609/aaai.v33i01.33016128},
  number  = {01},
  journal = {Proceedings of the AAAI Conference on Artificial Intelligence},
  author  = {Omidshafiei, Shayegan and Kim, Dong-Ki and Liu, Miao and Tesauro, Gerald and Riemer, Matthew and Amato, Christopher and Campbell, Murray and How, Jonathan P.},
  year    = {2019},
  month   = {Jul.},
  pages   = {6128-6136}
}

@article{albrecht2018survey,
  title    = {Autonomous agents modelling other agents: A comprehensive survey and open problems},
  journal  = {Artificial Intelligence},
  volume   = {258},
  pages    = {66-95},
  year     = {2018},
  issn     = {0004-3702},
  doi      = {https://doi.org/10.1016/j.artint.2018.01.002},
  url      = {https://www.sciencedirect.com/science/article/pii/S0004370218300249},
  author   = {Stefano V. Albrecht and Peter Stone},
  keywords = {Autonomous agents, Multiagent systems, Modelling other agents, Opponent modelling}
}

@inproceedings{perolat2017pool,
  author    = {P\'{e}rolat, Julien and Leibo, Joel Z and Zambaldi, Vinicius and Beattie, Charles and Tuyls, Karl and Graepel, Thore},
  booktitle = {Advances in Neural Information Processing Systems},
  editor    = {I. Guyon and U. Von Luxburg and S. Bengio and H. Wallach and R. Fergus and S. Vishwanathan and R. Garnett},
  pages     = {},
  publisher = {Curran Associates, Inc.},
  title     = {A multi-agent reinforcement learning model of common-pool resource appropriation},
  url       = {https://proceedings.neurips.cc/paper_files/paper/2017/file/2b0f658cbffd284984fb11d90254081f-Paper.pdf},
  volume    = {30},
  year      = {2017}
}

@article{hubner2007moise,
  title     = {Developing organised multiagent systems using the MOISE+ model: programming issues at the system and agent levels},
  volume    = {1},
  issn      = {1746-1383},
  url       = {http://dx.doi.org/10.1504/IJAOSE.2007.016266},
  doi       = {10.1504/ijaose.2007.016266},
  number    = {3/4},
  journal   = {Int. Journal of Agent-Oriented Software Engineering},
  publisher = {Inderscience Publishers},
  author    = {Hubner,  Jomi F. and Sichman,  Jaime S. and Boissier,  Olivier},
  year      = {2007},
  pages     = {370}
}

@article{busoniu2008survey,
  author  = {Busoniu, Lucian and Babuska, Robert and De Schutter, Bart},
  journal = {IEEE Transactions on Systems, Man, and Cybernetics, Part C (Applications and Reviews)},
  title   = {A Comprehensive Survey of Multiagent Reinforcement Learning},
  year    = {2008},
  volume  = {38},
  number  = {2},
  pages   = {156-172},
  doi     = {10.1109/TSMCC.2007.913919}
}

%%%%%%%%%%%%%%%%%%

@article{Russell1995,
  title     = {A modern, agent-oriented approach to introductory artificial intelligence},
  author    = {Russell, Stuart and Norvig, Peter},
  journal   = {Acm Sigart Bulletin},
  volume    = {6},
  number    = {2},
  pages     = {24--26},
  year      = {1995},
  publisher = {ACM New York, NY, USA}
}

@misc{Li2016,
  title         = {Multi-agent System Design for Dummies},
  author        = {Siyao Li},
  year          = {2016},
  eprint        = {1601.06244},
  archiveprefix = {arXiv},
  primaryclass  = {cs.MA}
}

@book{Kott2023,
  title     = {Autonomous intelligent cyber defense agent ({AICA}): A comprehensive guide},
  author    = {Kott, Alexander},
  publisher = {Springer Nature},
  month     = jul,
  year      = 2023,
  volume    = {87},
  address   = {Cham, Switzerland}
}

@inproceedings{Raileanu2023,
  author    = {R{\u{a}}ileanu, Silviu
               and Borangiu, Theodor},
  title     = {A Review of Multi-agent Systems Used in Industrial Applications},
  booktitle = {Service Oriented, Holonic and Multi-Agent Manufacturing Systems for Industry of the Future},
  year      = {2023},
  publisher = {Springer Int. Publishing},
  address   = {Cham},
  pages     = {3--22},
  isbn      = {978-3-031-24291-5}
}


@article{Bakliwal2018,
  title    = {A Multi Agent System architecture to implement Collaborative Learning for social industrial assets},
  journal  = {IFAC-PapersOnLine},
  volume   = {51},
  number   = {11},
  pages    = {1237-1242},
  year     = {2018},
  note     = {16th IFAC Symposium on Information Control Problems in Manufacturing INCOM 2018},
  issn     = {2405-8963},
  doi      = {https://doi.org/10.1016/j.ifacol.2018.08.421},
  url      = {https://www.sciencedirect.com/science/article/pii/S2405896318315477},
  author   = {{Kshitij Bakliwal et. al.}},
  keywords = {Cyber-Physical Systems, Industrial Internet of Things, Digital Twins, Collaborative Learning, Industry Automation, Multi Agent Systems, Distributed Computing}
}

﻿@article{Bresciani2004,
  author  = {Bresciani, Paolo
             and Perini, Anna
             and Giorgini, Paolo
             and Giunchiglia, Fausto
             and Mylopoulos, John},
  title   = {Tropos: An Agent-Oriented Software Development Methodology},
  journal = {Autonomous Agents and Multi-Agent Systems},
  year    = {2004},
  month   = {May},
  day     = {01},
  volume  = {8},
  number  = {3},
  pages   = {203-236},
  issn    = {1573-7454},
  doi     = {10.1023/B:AGNT.0000018806.20944.ef},
  url     = {https://doi.org/10.1023/B:AGNT.0000018806.20944.ef}
}

@article{Gembarski2020,
  title    = {Agent Collaboration in a Multi-Agent-System for Analysis and Optimization of Mechanical Engineering Parts},
  journal  = {Procedia Computer Science},
  volume   = {176},
  pages    = {592-601},
  year     = {2020},
  note     = {Knowledge-Based and Intelligent Information \& Engineering Systems: Proc. of the 24th Int. Conf. KES2020},
  issn     = {1877-0509},
  doi      = {https://doi.org/10.1016/j.procs.2020.08.061},
  url      = {https://www.sciencedirect.com/science/article/pii/S1877050920318858},
  author   = {Paul Christoph Gembarski},
  keywords = {Multi-Agent System, Knowledge-Based Engineering, Computer-Aided Design, Design Optimization}
}

@article{Gomez2004,
  author  = {Gómez-Sanz, Jorge and Pavón, Juan},
  year    = {2004},
  month   = {01},
  pages   = {359-374},
  title   = {Methodologies for Developing Multi-Agent Systems.},
  volume  = {10},
  journal = {J. UCS}
}

@article{Garcia2011,
  author  = {García-Magariño, Iván},
  year    = {2011},
  month   = {11},
  pages   = {30-35},
  title   = {A set of method fragments for developing multi-agent systems assisted with model transformations},
  journal = {11th Int. Conf. on Intelligent Systems Design and Applications (ISDA’11)},
  doi     = {10.1109/ISDA.2011.6121626}
}

@inproceedings{Pavon2003,
  author    = {Pav{\'o}n, Juan
               and G{\'o}mez-Sanz, Jorge},
  editor    = {Ma{\v{r}}{\'i}k, Vladim{\'i}r
               and P{\v{e}}chou{\v{c}}ek, Michal
               and M{\"u}ller, J{\"o}rg},
  title     = {Agent Oriented Software Engineering with INGENIAS},
  booktitle = {Multi-Agent Systems and Applications III},
  year      = {2003},
  publisher = {Springer Berlin Heidelberg},
  address   = {Berlin, Heidelberg},
  pages     = {394--403},
  isbn      = {978-3-540-45023-8}
}

@inbook{inbook,
  author = {Deloach, Scott},
  year   = {2004},
  month  = {01},
  pages  = {107-125},
  title  = {The MaSE Methodology},
  volume = {11},
  isbn   = {1-4020-8057-3},
  doi    = {10.1007/1-4020-8058-1_8}
}

@article{Zambonelli2003,
  author     = {Zambonelli, Franco and Jennings, Nicholas R. and Wooldridge, Michael},
  title      = {Developing multiagent systems: The Gaia methodology},
  year       = {2003},
  issue_date = {July 2003},
  publisher  = {Association for Computing Machinery},
  address    = {New York, NY, USA},
  volume     = {12},
  number     = {3},
  issn       = {1049-331X},
  url        = {https://doi.org/10.1145/958961.958963},
  doi        = {10.1145/958961.958963},
  journal    = {ACM Trans. Softw. Eng. Methodol.},
  month      = {jul},
  pages      = {317–370},
  numpages   = {54},
  keywords   = {software architectures, distributed systems, analysis and design methodologies, agent-oriented software engineering, Multiagent systems}
}

@article{Wooldridge2000,
  title     = {The Gaia methodology for agent-oriented analysis and design},
  author    = {Wooldridge, Michael and Jennings, Nicholas R and Kinny, David},
  journal   = {Autonomous Agents and multi-agent systems},
  volume    = {3},
  pages     = {285--312},
  year      = {2000},
  publisher = {Springer}
}

@article{Kathleen2020,
  author         = {Keogh, Kathleen and Sonenberg, Liz},
  title          = {Designing Multi-Agent System Organisations for Flexible Runtime Behaviour},
  journal        = {Applied Sciences},
  volume         = {10},
  year           = {2020},
  number         = {15},
  article-number = {5335},
  url            = {https://www.mdpi.com/2076-3417/10/15/5335},
  issn           = {2076-3417}
}

@inproceedings{Noel2010,
  title        = {{Between Design and Implementation of Multi-Agent Systems: A Component-Based Two-Step Process}},
  author       = {No{\"e}l, Victor and Arcangeli, Jean-Paul and Gleizes, Marie-Pierre},
  url          = {https://hal.science/hal-03796079},
  booktitle    = {{8th European Workshop on Multi-Agent Systems (EUMAS 2010)}},
  address      = {Paris, France},
  organization = {{EURAMAS}},
  publisher    = {{Universit{\'e} Paris Descartes}},
  pages        = {1-15},
  year         = {2010},
  month        = Dec,
  keywords     = {MAS engineering ; process ; detailed design ; implementation ; framework ; reuse ; separation of concerns ; components},
  pdf          = {https://hal.science/hal-03796079/file/Between%20Design%20and%20Implementation%20of%20Multi-Agent%20Systems%20EUMAS.pdf},
  hal_id       = {hal-03796079},
  hal_version  = {v1}
}

@article{Oliveira1999,
  title    = {Multi-agent systems: which research for which applications},
  journal  = {Robotics and Autonomous Systems},
  volume   = {27},
  number   = {1},
  pages    = {91-106},
  year     = {1999},
  note     = {Multi-Agent Systems Applications},
  issn     = {0921-8890},
  doi      = {https://doi.org/10.1016/S0921-8890(98)00085-2},
  url      = {https://www.sciencedirect.com/science/article/pii/S0921889098000852},
  author   = {Eugénio Oliveira and Klaus Fischer and Olga Stepankova},
  keywords = {Multi-agent system, Architecture, Learning, Application, Co-ordination}
}

@inproceedings{Jaques2019,
  title     = {Social Influence as Intrinsic Motivation for Multi-Agent Deep Reinforcement Learning},
  author    = {Jaques, Natasha and Lazaridou, Angeliki and Hughes, Edward and Gulcehre, Caglar and Ortega, Pedro and Strouse, Dj and Leibo, Joel Z. and De Freitas, Nando},
  booktitle = {Proc. of the 36th Int. Conf. on Machine Learning},
  pages     = {3040--3049},
  year      = {2019},
  editor    = {Chaudhuri, Kamalika and Salakhutdinov, Ruslan},
  volume    = {97},
  series    = {Proc. of Machine Learning Research},
  month     = {09--15 Jun},
  publisher = {PMLR},
  pdf       = {http://proceedings.mlr.press/v97/jaques19a/jaques19a.pdf},
  url       = {https://proceedings.mlr.press/v97/jaques19a.html}
}

@inproceedings{Chongjie2008,
  author    = {Zhang, Chongjie and Abdallah, Sherief and Lesser, Victor},
  title     = {Efficient multi-agent reinforcement learning through automated supervision},
  year      = {2008},
  isbn      = {9780981738123},
  publisher = {Int. Foundation for Autonomous Agents and Multiagent Systems},
  address   = {Richland, SC},
  booktitle = {Proc. of the 7th Int. Joint Conf. on Autonomous Agents and Multiagent Systems - Volume 3},
  pages     = {1365–1370},
  numpages  = {6},
  keywords  = {heuristics, multiagent systems, reinforcement learning, supervision},
  location  = {Estoril, Portugal},
  series    = {AAMAS '08}
}

@misc{Kurach2020,
  title         = {Google Research Football: A Novel Reinforcement Learning Environment},
  author        = {Karol Kurach and Anton Raichuk and Piotr Stańczyk and Michał Zając and Olivier Bachem and Lasse Espeholt and Carlos Riquelme and Damien Vincent and Marcin Michalski and Olivier Bousquet and Sylvain Gelly},
  year          = {2020},
  eprint        = {1907.11180},
  archiveprefix = {arXiv},
  primaryclass  = {cs.LG}
}

@article{Terry2021,
  title   = {Pettingzoo: Gym for multi-agent reinforcement learning},
  author  = {{Terry, J et. al.}},
  journal = {Advances in Neural Information Processing Systems},
  volume  = {34},
  pages   = {15032--15043},
  year    = {2021}
}

@misc{Liu2019,
  title         = {Emergent Coordination Through Competition},
  author        = {{Siqi Liu et. al.}},
  year          = {2019},
  eprint        = {1902.07151},
  archiveprefix = {arXiv},
  primaryclass  = {cs.AI}
}

@inproceedings{Lowe2017,
  author    = {Lowe, Ryan and WU, YI and Tamar, Aviv and Harb, Jean and Pieter Abbeel, OpenAI and Mordatch, Igor},
  booktitle = {Advances in Neural Information Processing Systems},
  editor    = {I. Guyon and U. Von Luxburg and S. Bengio and H. Wallach and R. Fergus and S. Vishwanathan and R. Garnett},
  pages     = {},
  publisher = {Curran Associates, Inc.},
  title     = {Multi-Agent Actor-Critic for Mixed Cooperative-Competitive Environments},
  url       = {https://proceedings.neurips.cc/paper_files/paper/2017/file/68a9750337a418a86fe06c1991a1d64c-Paper.pdf},
  volume    = {30},
  year      = {2017}
}


@article{Tosic2010,
  title   = {A unified framework for reinforcement learning, co-learning and meta-learning how to coordinate in collaborative multi-agent systems},
  journal = {Procedia Computer Science},
  volume  = {1},
  number  = {1},
  pages   = {2217-2226},
  year    = {2010},
  note    = {ICCS 2010},
  issn    = {1877-0509},
  doi     = {https://doi.org/10.1016/j.procs.2010.04.248},
  url     = {https://www.sciencedirect.com/science/article/pii/S1877050910002498},
  author  = {Predrag T. Tošić and Ricardo Vilalta}
}

@inproceedings{Roy2020,
  author    = {{Roy, Julien et. al.}},
  booktitle = {Advances in Neural Information Processing Systems},
  editor    = {H. Larochelle and M. Ranzato and R. Hadsell and M.F. Balcan and H. Lin},
  pages     = {15774--15785},
  publisher = {Curran Associates, Inc.},
  title     = {Promoting Coordination through Policy Regularization in Multi-Agent Deep Reinforcement Learning},
  url       = {https://proceedings.neurips.cc/paper_files/paper/2020/file/b628386c9b92481fab68fbf284bd6a64-Paper.pdf},
  volume    = {33},
  year      = {2020}
}

@misc{rashid2018,
      title={QMIX: Monotonic Value Function Factorisation for Deep Multi-Agent Reinforcement Learning}, 
      author={Tabish Rashid and Mikayel Samvelyan and Christian Schroeder de Witt and Gregory Farquhar and Jakob Foerster and Shimon Whiteson},
      year={2018},
      eprint={1803.11485},
      archivePrefix={arXiv},
      primaryClass={cs.LG},
      url={https://arxiv.org/abs/1803.11485}, 
}

@misc{cage_challenge_3_announcement,
  author       = {TTCP CAGE Working Group},
  title        = {TTCP CAGE Challenge 3},
  publisher    = {GitHub},
  howpublished = {\url{https://github.com/cage-challenge/cage-challenge-3}},
  year         = {2022}
}

@misc{Wang2020,
  title         = {ROMA: Multi-Agent Reinforcement Learning with Emergent Roles},
  author        = {Tonghan Wang and Heng Dong and Victor Lesser and Chongjie Zhang},
  year          = {2020},
  eprint        = {2003.08039},
  archiveprefix = {arXiv},
  primaryclass  = {cs.MA}
}

@inproceedings{Kazhdan2020,
  author    = {Kazhdan, Dmitry and Shams, Zohreh and Lio, Pietro},
  booktitle = {2020 Int. Joint Conf. on Neural Networks (IJCNN)},
  title     = {MARLeME: A Multi-Agent Reinforcement Learning Model Extraction Library},
  year      = {2020},
  volume    = {},
  number    = {},
  pages     = {1-8},
  keywords  = {Task analysis;Learning (artificial intelligence);Libraries;Trajectory;Cognition;Decision making;Semantics;Multi-Agent Reinforcement Learning;Interpretability;Abstract Argumentation;Explainability;Model Extraction;Knowledge Extraction;Symbolic Reasoning;Library},
  doi       = {10.1109/IJCNN48605.2020.9207564}
}

@inproceedings{Perolat2017,
  author    = {{P\'{e}rolat, Julien et. al.}},
  booktitle = {Advances in Neural Information Processing Systems},
  editor    = {I. Guyon and U. Von Luxburg and S. Bengio and H. Wallach and R. Fergus and S. Vishwanathan and R. Garnett},
  pages     = {},
  publisher = {Curran Associates, Inc.},
  title     = {A multi-agent reinforcement learning model of common-pool resource appropriation},
  url       = {https://proceedings.neurips.cc/paper_files/paper/2017/file/2b0f658cbffd284984fb11d90254081f-Paper.pdf},
  volume    = {30},
  year      = {2017}
}

@inproceedings{Shao2022,
  author    = {Shao, Jianzhun and Lou, Zhiqiang and Zhang, Hongchang and Jiang, Yuhang and He, Shuncheng and Ji, Xiangyang},
  booktitle = {Advances in Neural Information Processing Systems},
  editor    = {S. Koyejo and S. Mohamed and A. Agarwal and D. Belgrave and K. Cho and A. Oh},
  pages     = {5711--5723},
  publisher = {Curran Associates, Inc.},
  title     = {Self-Organized Group for Cooperative Multi-agent Reinforcement Learning},
  url       = {https://proceedings.neurips.cc/paper_files/paper/2022/file/25b040c97a75021e57100648a20b1e10-Paper-Conf..pdf},
  volume    = {35},
  year      = {2022}
}

@article{Zheng2018,
  title   = {MAgent: A Many-Agent Reinforcement Learning Platform for Artificial Collective Intelligence},
  volume  = {32},
  url     = {https://ojs.aaai.org/index.php/AAAI/article/view/11371},
  doi     = {10.1609/aaai.v32i1.11371},
  number  = {1},
  journal = {Proc. of the AAAI Conf. on Artificial Intelligence},
  author  = {{Zheng, Lianmin et. al.}},
  year    = {2018},
  month   = {Apr.}
}

@article{Heuillet2022,
  author   = {Heuillet, Alexandre and Couthouis, Fabien and Díaz-Rodríguez, Natalia},
  journal  = {IEEE Computational Intelligence Magazine},
  title    = {Collective eXplainable AI: Explaining Cooperative Strategies and Agent Contribution in Multiagent Reinforcement Learning With Shapley Values},
  year     = {2022},
  volume   = {17},
  number   = {1},
  pages    = {59-71},
  keywords = {Artificial intelligence;Ethics;Monte Carlo methods;Machine learning algorithms;Computational modeling;Reinforcement learning;Games},
  doi      = {10.1109/MCI.2021.3129959}
}

@article{Horling2004,
  title     = {A survey of multi-agent organizational paradigms},
  volume    = {19},
  doi       = {10.1017/S0269888905000317},
  number    = {4},
  journal   = {The Knowledge Engineering Review},
  publisher = {Cambridge University Press},
  author    = {HORLING, BRYAN and LESSER, VICTOR},
  year      = {2004},
  pages     = {281–316}
}

@inproceedings{Schon2021,
  title     = {Integration of Multi-Fidelity Models with Agent-Based Simulation for System of Systems},
  author    = {{Sch{\"o}n, Sofia et. al.}},
  booktitle = {AIAA AVIATION 2021 FORUM},
  pages     = {2996},
  year      = {2021}
}

@inproceedings{Picard2009,
  title     = {R{\'e}organisation et auto-organisation dans les syst{\`e}mes multi-agents},
  author    = {Picard, Gauthier and H{\"u}bner, Jomi Fred and Boissier, Olivier and Gleizes, Marie-Pierre},
  booktitle = {Journ{\'e}es Francophones sur les Syst{\`e}mes Multi-Agents (JFSMA'09)},
  pages     = {pages--89},
  year      = {2009}
}

@book{Albrecht2024,
  author    = {Stefano V. Albrecht and Filippos Christianos and Lukas Sch\"afer},
  title     = {Multi-Agent Reinforcement Learning: Foundations and Modern Approaches},
  publisher = {MIT Press},
  year      = {2024},
  url       = {https://www.marl-book.com}
}

@phdthesis{Jamont2005,
  title  = {DIAMOND: Une approche pour la conception de syst{\`e}mes multi-agents embarqu{\'e}s},
  author = {Jamont, Jean-Paul},
  year   = {2005},
  school = {Institut National Polytechnique de Grenoble-INPG}
}

@article{Jamont2015,
  title       = {{Meeting the challenges of decentralized embedded applications using multi-agent systems}},
  author      = {Jamont, Jean-Paul and Occello, Michel},
  url         = {https://hal.univ-grenoble-alpes.fr/hal-01265071},
  journal     = {{Int. Journal of Agent Oriented Software Engineering}},
  volume      = {5},
  number      = {1},
  pages       = {22-67},
  year        = {2015},
  doi         = {10.1504/IJAOSE.2015.078435},
  keywords    = { real world applications ; multi-agent systems ;  collective intelligence ;  embedded multi-agent systems ;  agent oriented analysis ;  agent design ;  collective cyber-physical systems},
  pdf         = {https://hal.univ-grenoble-alpes.fr/hal-01265071/file/IJAOSE_Occello_Jamont_2015.pdf},
  hal_id      = {hal-01265071},
  hal_version = {v1}
}

@inbook{Cernuzzi2014,
  author    = {Cernuzzi, Luca
               and Molesini, Ambra
               and Omicini, Andrea},
  title     = {The Gaia Methodology Process},
  booktitle = {Handbook on Agent-Oriented Design Processes},
  year      = {2014},
  publisher = {Springer Berlin Heidelberg},
  address   = {Berlin, Heidelberg},
  pages     = {141--172},
  isbn      = {978-3-642-39975-6},
  doi       = {10.1007/978-3-642-39975-6_6},
  url       = {https://doi.org/10.1007/978-3-642-39975-6_6}
}


@inproceedings{Mefteh2015,
  author    = {Mefteh, Wafa
               and Migeon, Frederic
               and Gleizes, Marie-Pierre
               and Gargouri, Faiez},
  editor    = {N{\'u}{\~{n}}ez, Manuel
               and Nguyen, Ngoc Thanh
               and Camacho, David
               and Trawi{\'{n}}ski, Bogdan},
  title     = {ADELFE 3.0 Design, Building Adaptive Multi Agent Systems Based on Simulation a Case Study},
  booktitle = {Computational Collective Intelligence},
  year      = {2015},
  publisher = {Springer Int. Publishing},
  address   = {Cham},
  pages     = {19--28},
  isbn      = {978-3-319-24069-5}
}

@inproceedings{Ferber2004,
  author    = {Ferber, Jacques and Gutknecht, Olivier and Michel, Fabien},
  editor    = {Giorgini, Paolo and M{\"u}ller, J{\"o}rg P. and Odell, James},
  title     = {From Agents to Organizations: An Organizational View of Multi-agent Systems},
  booktitle = {Agent-Oriented Software Engineering IV},
  year      = {2004},
  publisher = {Springer Berlin Heidelberg},
  address   = {Berlin, Heidelberg},
  pages     = {214--230}
}

@inproceedings{Hubner2002,
  author = {Hübner, Jomi and Sichman, Jaime},
  year   = {2002},
  month  = {01},
  pages  = {118-128},
  title  = {A model for the structural, functional, and deontic specification of organizations in multiagent systems},
  isbn   = {3-540-00124-7}
}

@article{Sims2008,
  author  = {Sims, Mark
             and Corkill, Daniel
             and Lesser, Victor},
  title   = {Automated organization design for multi-agent systems},
  journal = {Autonomous Agents and Multi-Agent Systems},
  year    = {2008},
  month   = {Apr},
  day     = {01},
  volume  = {16},
  number  = {2},
  pages   = {151-185},
  issn    = {1573-7454},
  doi     = {10.1007/s10458-007-9023-8},
  url     = {https://doi.org/10.1007/s10458-007-9023-8}
}

@misc{Yu2022,
  title         = {The Surprising Effectiveness of PPO in Cooperative, Multi-Agent Games},
  author        = {{Chao Yu et. al.}},
  year          = {2022},
  eprint        = {2103.01955},
  archiveprefix = {arXiv},
  primaryclass  = {cs.LG}
}

@misc{Hailesilassie2016,
  title         = {Rule Extraction Algorithm for Deep Neural Networks: A Review},
  author        = {Tameru Hailesilassie},
  year          = {2016},
  eprint        = {1610.05267},
  archiveprefix = {arXiv},
  primaryclass  = {cs.CV}
}

@phdthesis{Jothimurugan2023,
  title  = {Specification-Guided Reinforcement Learning},
  author = {Jothimurugan, Kishor},
  year   = {2023},
  school = {University of Pennsylvania}
}

@inproceedings{Jothimurugan2021,
  author    = {Jothimurugan, Kishor and Bansal, Suguman and Bastani, Osbert and Alur, Rajeev},
  booktitle = {Advances in Neural Information Processing Systems},
  editor    = {M. Ranzato and A. Beygelzimer and Y. Dauphin and P.S. Liang and J. Wortman Vaughan},
  pages     = {10026--10039},
  publisher = {Curran Associates, Inc.},
  title     = {Compositional Reinforcement Learning from Logical Specifications},
  url       = {https://proceedings.neurips.cc/paper_files/paper/2021/file/531db99cb00833bcd414459069dc7387-Paper.pdf},
  volume    = {34},
  year      = {2021}
}


@inproceedings{Bansal2022,
  author    = {Bansal, Suguman},
  editor    = {Singh, Gagandeep
               and Urban, Caterina},
  title     = {Specification-Guided Reinforcement Learning},
  booktitle = {Static Analysis},
  year      = {2022},
  publisher = {Springer Nature Switzerland},
  address   = {Cham},
  pages     = {3--9}
}


@misc{Lal2022,
  title         = {NN2Rules: Extracting Rule List from Neural Networks},
  author        = {G Roshan Lal and Varun Mithal},
  year          = {2022},
  eprint        = {2207.12271},
  archiveprefix = {arXiv},
  primaryclass  = {cs.LG}
}

@inproceedings{Sato2001,
  author    = {Sato, M. and Tsukimoto, H.},
  booktitle = {IJCNN'01. Int. Joint Conf. on Neural Networks. Proc. (Cat. No.01CH37222)},
  title     = {Rule extraction from neural networks via decision tree induction},
  year      = {2001},
  volume    = {3},
  number    = {},
  pages     = {1870-1875 vol.3},
  doi       = {10.1109/IJCNN.2001.938448}
}

@inbook{Beynier2013,
  author    = {{Beynier, Aurélie et. al.}},
  publisher = {John Wiley \& Sons, Ltd},
  isbn      = {9781118557426},
  title     = {DEC-MDP/POMDP},
  booktitle = {Markov Decision Processes in Artificial Intelligence},
  chapter   = {9},
  pages     = {277-318},
  doi       = {https://doi.org/10.1002/9781118557426.ch9},
  url       = {https://onlinelibrary.wiley.com/doi/abs/10.1002/9781118557426.ch9},
  eprint    = {https://onlinelibrary.wiley.com/doi/pdf/10.1002/9781118557426.ch9},
  year      = {2013},
  keywords  = {DEC-POMDPs, decentralized Markov decision processes (DEC-MDPs), multiagent decentralized control, multiagent decision problems}
}

@article{Hubner2007,
  title     = {Developing organised multiagent systems using the MOISE+ model: programming issues at the system and agent levels},
  volume    = {1},
  issn      = {1746-1383},
  url       = {http://dx.doi.org/10.1504/IJAOSE.2007.016266},
  doi       = {10.1504/ijaose.2007.016266},
  number    = {3/4},
  journal   = {Int. Journal of Agent-Oriented Software Engineering},
  publisher = {Inderscience Publishers},
  author    = {Hubner,  Jomi F. and Sichman,  Jaime S. and Boissier,  Olivier},
  year      = {2007},
  pages     = {370}
}

@book{Oliehoek2016,
  author    = {Frans A. Oliehoek and
               Christopher Amato},
  title     = {A Concise Introduction to Decentralized POMDPs},
  series    = {Springer Briefs in Intelligent Systems},
  publisher = {Springer},
  year      = {2016},
  url       = {https://doi.org/10.1007/978-3-319-28929-8},
  doi       = {10.1007/978-3-319-28929-8},
  isbn      = {978-3-319-28927-4},
  timestamp = {Wed, 14 Nov 2018 10:12:19 +0100},
  biburl    = {https://dblp.org/rec/series/sbis/OliehoekA16.bib},
  bibsource = {dblp computer science bibliography, https://dblp.org}
}

@inproceedings{Ferber1998,
  author    = {Ferber, J. and Gutknecht, O.},
  booktitle = {Proc. Int. Conf. on Multi Agent Systems (Cat. No.98EX160)},
  title     = {A meta-model for the analysis and design of organizations in multi-agent systems},
  year      = {1998},
  volume    = {},
  number    = {},
  pages     = {128-135},
  doi       = {10.1109/ICMAS.1998.699041}
}

@inproceedings{Bernon2003,
  author    = {Bernon, Carole
               and Gleizes, Marie-Pierre
               and Peyruqueou, Sylvain
               and Picard, Gauthier},
  editor    = {Petta, Paolo
               and Tolksdorf, Robert
               and Zambonelli, Franco},
  title     = {ADELFE: A Methodology for Adaptive Multi-agent Systems Engineering},
  booktitle = {Engineering Societies in the Agents World III},
  year      = {2003},
  publisher = {Springer Berlin Heidelberg},
  address   = {Berlin, Heidelberg},
  pages     = {156--169},
  isbn      = {978-3-540-39173-9}
}

@article{Abbas2015,
  author  = {Abbas, Hosny and Shaheen, Samir and Amin, Mohammed},
  year    = {2015},
  month   = {06},
  pages   = {},
  title   = {Organization of Multi-Agent Systems: An Overview},
  journal = {Int. Journal of Intelligent Information Systems},
  doi     = {10.11648/j.ijiis.20150403.11}
}