@article{Russell1995,
  title     = {A modern, agent-oriented approach to introductory artificial intelligence},
  author    = {Russell, Stuart and Norvig, Peter},
  journal   = {Acm Sigart Bulletin},
  volume    = {6},
  number    = {2},
  pages     = {24--26},
  year      = {1995},
  publisher = {ACM New York, NY, USA}
}

@misc{Li2016,
  title         = {Multi-agent System Design for Dummies},
  author        = {Siyao Li},
  year          = {2016},
  eprint        = {1601.06244},
  archiveprefix = {arXiv},
  primaryclass  = {cs.MA}
}

@inproceedings{Singh2015,
  title={Cybersecurity as an Application Domain for Multiagent Systems.},
  author={Singh, Munindar P},
  booktitle={AAMAS},
  pages={1207--1212},
  year={2015}
}

@article{Deloach2001,
  title = {MULTIAGENT SYSTEMS ENGINEERING},
  volume = {11},
  ISSN = {1793-6403},
  url = {http://dx.doi.org/10.1142/S0218194001000542},
  DOI = {10.1142/s0218194001000542},
  number = {03},
  journal = {International Journal of Software Engineering and Knowledge Engineering},
  publisher = {World Scientific Pub Co Pte Lt},
  author = {DELOACH,  SCOTT A. and WOOD,  MARK F. and SPARKMAN,  CLINT H.},
  year = {2001},
  month = jun,
  pages = {231–258}
}

@INPROCEEDINGS{Mefteh2013,
  author={Mefteh, Wafa and Migeon, Frédéric and Gleizes, Marie-Pierre and Gargouri, Faiez},
  booktitle={Work. on Enabling Technologies: Infrastructure for Collaborative Enterprises}, 
  title={Simulation Based Design for Adaptive Multi-agent Systems: Extension to the ADELFE Methdology}, 
  year={2013},
  volume={},
  number={},
  pages={36-38},
  doi={10.1109/WETICE.2013.60}}.


@PHDTHESIS{Lacomme2011,
url = "http://www.theses.fr/2011GRENM067",
title = "Un modèle générique pour les organisations dynamiques en univers multi-agent",
author = "Lacomme, Laurent",
year = "2011",
note = "Thèse de doctorat dirigée par Demazeau, Yves et Camps, Valérie Informatique Grenoble 2011",
note = "2011GRENM067",
url = "http://www.theses.fr/2011GRENM067/document",
}

@INPROCEEDINGS{Vincent2000,
  author={Vincent, R. and Horling, B. and Lesser, V.},
  booktitle={Proc. Fourth Int. Conf. on MultiAgent Systems}, 
  title={Experiences in simulating multi-agent systems using TAEMS}, 
  year={2000},
  volume={},
  number={},
  pages={455-456},
  keywords={Multiagent systems;Uncertainty;Computational modeling;Computer science;Energy resolution;Knowledge engineering;System testing;Predictive models;Statistics;Costs},
  doi={10.1109/ICMAS.2000.858522}}


@article{Tambe1999,
title = {Building agent teams using an explicit teamwork model and learning},
journal = {Artificial Intelligence},
volume = {110},
number = {2},
pages = {215-239},
year = {1999},
issn = {0004-3702},
doi = {https://doi.org/10.1016/S0004-3702(99)00022-3},
url = {https://www.sciencedirect.com/science/article/pii/S0004370299000223},
author = {{Milind Tambe et. al.}},
keywords = {Multi-agents, Teamwork, Agent learning, RoboCup soccer}
}

@InProceedings{Dignum2005,
author={{Dignum, Virginia et. al.}},
editor="Bordini, Rafael H.
and Dastani, Mehdi
and Dix, J{\"u}rgen
and El Fallah Seghrouchni, Amal",
title="OMNI: Introducing Social Structure, Norms and Ontologies into Agent Organizations",
booktitle="Programming Multi-Agent Systems",
year="2005",
publisher="Springer Berlin Heidelberg",
address="Berlin, Heidelberg",
pages="181--198",
isbn="978-3-540-32260-3"
}


@inproceedings{Esteva2002,
author = {{Esteva, Marc et. al.}},
title = {ISLANDER: an electronic institutions editor},
year = {2002},
isbn = {1581134800},
publisher = {Association for Computing Machinery},
address = {New York, NY, USA},
url = {https://doi.org/10.1145/545056.545069},
doi = {10.1145/545056.545069},
booktitle = {Proc. of the First Int. Joint Conf. on Autonomous Agents and Multiagent Systems: Part 3},
pages = {1045–1052},
numpages = {8},
location = {Bologna, Italy},
series = {AAMAS '02}
}

@book{Kott2023,
  title     = {Autonomous intelligent cyber defense agent ({AICA}): A comprehensive guide},
  author    = {Kott, Alexander},
  month     = jul,
  year      = 2023,
  volume    = {87},
}

@inproceedings{Raileanu2023,
  author    = {R{\u{a}}ileanu, Silviu
               and Borangiu, Theodor},
  title     = {A Review of Multi-agent Systems Used in Industrial Applications},
  booktitle = {Service Oriented, Holonic and Multi-Agent Manufacturing Systems for Industry of the Future},
  year      = {2023},
  publisher = {Springer Int. Publishing},
  address   = {Cham},
  pages     = {3--22},
  isbn      = {978-3-031-24291-5}
}


@article{Bakliwal2018,
  title    = {A Multi Agent System architecture to implement Collaborative Learning for social industrial assets},
  journal  = {IFAC-PapersOnLine},
  volume   = {51},
  number   = {11},
  pages    = {1237-1242},
  year     = {2018},
  note     = {16th IFAC Symposium on Information Control Problems in Manufacturing INCOM 2018},
  issn     = {2405-8963},
  doi      = {https://doi.org/10.1016/j.ifacol.2018.08.421},
  url      = {https://www.sciencedirect.com/science/article/pii/S2405896318315477},
  author   = {{Kshitij Bakliwal et. al.}},
  keywords = {Cyber-Physical Systems, Industrial Internet of Things, Digital Twins, Collaborative Learning, Industry Automation, Multi Agent Systems, Distributed Computing}
}

﻿@article{Bresciani2004,
  author  = {Bresciani, Paolo
             and Perini, Anna
             and Giorgini, Paolo
             and Giunchiglia, Fausto
             and Mylopoulos, John},
  title   = {Tropos: An Agent-Oriented Software Development Methodology},
  journal = {Autonomous Agents and Multi-Agent Systems},
  year    = {2004},
  month   = {May},
  day     = {01},
  volume  = {8},
  number  = {3},
  pages   = {203-236},
  issn    = {1573-7454},
  doi     = {10.1023/B:AGNT.0000018806.20944.ef},
  url     = {https://doi.org/10.1023/B:AGNT.0000018806.20944.ef}
}

@article{Gembarski2020,
  title    = {Agent Collaboration in a Multi-Agent-System for Analysis and Optimization of Mechanical Engineering Parts},
  journal  = {Procedia Computer Science},
  volume   = {176},
  pages    = {592-601},
  year     = {2020},
  note     = {Knowledge-Based and Intelligent Information \& Engineering Systems: Proc. of the 24th Int. Conf. KES2020},
  issn     = {1877-0509},
  doi      = {https://doi.org/10.1016/j.procs.2020.08.061},
  url      = {https://www.sciencedirect.com/science/article/pii/S1877050920318858},
  author   = {Paul Christoph Gembarski},
  keywords = {Multi-Agent System, Knowledge-Based Engineering, Computer-Aided Design, Design Optimization}
}

@article{Gomez2004,
  author  = {Gómez-Sanz, Jorge and Pavón, Juan},
  year    = {2004},
  month   = {01},
  pages   = {359-374},
  title   = {Methodologies for Developing Multi-Agent Systems.},
  volume  = {10},
  journal = {J. UCS}
}

@article{Garcia2011,
  author  = {García-Magariño, Iván},
  year    = {2011},
  month   = {11},
  pages   = {30-35},
  title   = {A set of method fragments for developing multi-agent systems assisted with model transformations},
  journal = {11th Int. Conf. on Intelligent Systems Design and Applications (ISDA’11)},
  doi     = {10.1109/ISDA.2011.6121626}
}

@inproceedings{Pavon2003,
  author    = {Pav{\'o}n, Juan
               and G{\'o}mez-Sanz, Jorge},
  editor    = {Ma{\v{r}}{\'i}k, Vladim{\'i}r
               and P{\v{e}}chou{\v{c}}ek, Michal
               and M{\"u}ller, J{\"o}rg},
  title     = {Agent Oriented Software Engineering with INGENIAS},
  booktitle = {Multi-Agent Systems and Applications III},
  year      = {2003},
  publisher = {Springer Berlin Heidelberg},
  address   = {Berlin, Heidelberg},
  pages     = {394--403},
  isbn      = {978-3-540-45023-8}
}

@inbook{inbook,
  author = {Deloach, Scott},
  year   = {2004},
  month  = {01},
  pages  = {107-125},
  title  = {The MaSE Methodology},
  volume = {11},
  isbn   = {1-4020-8057-3},
  doi    = {10.1007/1-4020-8058-1_8}
}

@article{Zambonelli2003,
  author     = {Zambonelli, Franco and Jennings, Nicholas R. and Wooldridge, Michael},
  title      = {Developing multiagent systems: The Gaia methodology},
  year       = {2003},
  issue_date = {July 2003},
  publisher  = {Association for Computing Machinery},
  address    = {New York, NY, USA},
  volume     = {12},
  number     = {3},
  issn       = {1049-331X},
  url        = {https://doi.org/10.1145/958961.958963},
  doi        = {10.1145/958961.958963},
  journal    = {ACM Trans. Softw. Eng. Methodol.},
  month      = {jul},
  pages      = {317–370},
  numpages   = {54},
  keywords   = {software architectures, distributed systems, analysis and design methodologies, agent-oriented software engineering, Multiagent systems}
}

@article{Wooldridge2000,
  title     = {The Gaia methodology for agent-oriented analysis and design},
  author    = {Wooldridge, Michael and Jennings, Nicholas R and Kinny, David},
  journal   = {Autonomous Agents and multi-agent systems},
  volume    = {3},
  pages     = {285--312},
  year      = {2000},
  publisher = {Springer}
}

@article{Kathleen2020,
  author         = {Keogh, Kathleen and Sonenberg, Liz},
  title          = {Designing Multi-Agent System Organisations for Flexible Runtime Behaviour},
  journal        = {Applied Sciences},
  volume         = {10},
  year           = {2020},
  number         = {15},
  article-number = {5335},
  url            = {https://www.mdpi.com/2076-3417/10/15/5335},
  issn           = {2076-3417}
}

@inproceedings{Noel2010,
  title        = {{Between Design and Implementation of Multi-Agent Systems: A Component-Based Two-Step Process}},
  author       = {No{\"e}l, Victor and Arcangeli, Jean-Paul and Gleizes, Marie-Pierre},
  url          = {https://hal.science/hal-03796079},
  booktitle    = {{8th European Workshop on Multi-Agent Systems (EUMAS 2010)}},
  address      = {Paris, France},
  organization = {{EURAMAS}},
  publisher    = {{Universit{\'e} Paris Descartes}},
  pages        = {1-15},
  year         = {2010},
  month        = Dec,
  keywords     = {MAS engineering ; process ; detailed design ; implementation ; framework ; reuse ; separation of concerns ; components},
  pdf          = {https://hal.science/hal-03796079/file/Between%20Design%20and%20Implementation%20of%20Multi-Agent%20Systems%20EUMAS.pdf},
  hal_id       = {hal-03796079},
  hal_version  = {v1}
}

@article{Oliveira1999,
  title    = {Multi-agent systems: which research for which applications},
  journal  = {Robotics and Autonomous Systems},
  volume   = {27},
  number   = {1},
  pages    = {91-106},
  year     = {1999},
  note     = {Multi-Agent Systems Applications},
  issn     = {0921-8890},
  doi      = {https://doi.org/10.1016/S0921-8890(98)00085-2},
  url      = {https://www.sciencedirect.com/science/article/pii/S0921889098000852},
  author   = {Eugénio Oliveira and Klaus Fischer and Olga Stepankova},
  keywords = {Multi-agent system, Architecture, Learning, Application, Co-ordination}
}

@inproceedings{Jaques2019,
  title     = {Social Influence as Intrinsic Motivation for Multi-Agent Deep Reinforcement Learning},
  author    = {{Jaques Natasha et. al.}},
  booktitle = {Int. Conf. on Machine Learning},
  pages     = {3040--3049},
  year      = {2019},
  editor    = {Chaudhuri, Kamalika and Salakhutdinov, Ruslan},
  volume    = {97},
}

@inproceedings{Chongjie2008,
  author    = {Zhang, Chongjie and Abdallah, Sherief and Lesser, Victor},
  title     = {Efficient multi-agent reinforcement learning through automated supervision},
  year      = {2008},
  isbn      = {9780981738123},
  publisher = {Int. Foundation for Autonomous Agents and Multiagent Systems},
  address   = {Richland, SC},
  booktitle = {Proc. of the 7th Int. Joint Conf. on Autonomous Agents and Multiagent Systems - Volume 3},
  pages     = {1365–1370},
  numpages  = {6},
  keywords  = {heuristics, multiagent systems, reinforcement learning, supervision},
  location  = {Estoril, Portugal},
  series    = {AAMAS '08}
}

@misc{Kurach2020,
  title         = {Google Research Football: A Novel Reinforcement Learning Environment},
  author        = {Karol Kurach and Anton Raichuk and Piotr Stańczyk and Michał Zając and Olivier Bachem and Lasse Espeholt and Carlos Riquelme and Damien Vincent and Marcin Michalski and Olivier Bousquet and Sylvain Gelly},
  year          = {2020},
  eprint        = {1907.11180},
  archiveprefix = {arXiv},
  primaryclass  = {cs.LG}
}

@article{Terry2021,
  title   = {Pettingzoo: Gym for multi-agent reinforcement learning},
  author  = {{Terry, J et. al.}},
  journal = {Advances in Neural Information Processing Systems},
  volume  = {34},
  pages   = {15032--15043},
  year    = {2021}
}

@misc{Liu2019,
  title         = {Emergent Coordination Through Competition},
  author        = {{Siqi Liu et. al.}},
  year          = {2019},
  eprint        = {1902.07151},
  archiveprefix = {arXiv},
  primaryclass  = {cs.AI}
}

@article{Lowe2017,
  title   = {Multi-Agent Actor-Critic for Mixed Cooperative-Competitive Environments},
  author  = {{Lowe, Ryan et. al.}},
  journal = {Neural Information Processing Systems (NIPS)},
  year    = {2017}
}

@article{Tosic2010,
  title   = {A unified framework for reinforcement learning, co-learning and meta-learning how to coordinate in collaborative multi-agent systems},
  journal = {Procedia Computer Science},
  volume  = {1},
  number  = {1},
  pages   = {2217-2226},
  year    = {2010},
  note    = {ICCS 2010},
  issn    = {1877-0509},
  doi     = {https://doi.org/10.1016/j.procs.2010.04.248},
  url     = {https://www.sciencedirect.com/science/article/pii/S1877050910002498},
  author  = {Predrag T. Tošić and Ricardo Vilalta}
}

@inproceedings{Roy2020,
  author    = {{Roy, Julien et. al.}},
  booktitle = {Advances in Neural Information Processing Systems},
  editor    = {H. Larochelle and M. Ranzato and R. Hadsell and M.F. Balcan and H. Lin},
  pages     = {15774--15785},
  publisher = {Curran Associates, Inc.},
  title     = {Promoting Coordination through Policy Regularization in Multi-Agent Deep Reinforcement Learning},
  url       = {https://proceedings.neurips.cc/paper_files/paper/2020/file/b628386c9b92481fab68fbf284bd6a64-Paper.pdf},
  volume    = {33},
  year      = {2020}
}

@misc{cage_challenge_3_announcement,
  author       = {TTCP CAGE Working Group},
  title        = {TTCP CAGE Challenge 3},
  publisher    = {GitHub},
  howpublished = {\url{https://github.com/cage-challenge/cage-challenge-3}},
  year         = {2022}
} 

@misc{Wang2020,
  title         = {ROMA: Multi-Agent Reinforcement Learning with Emergent Roles},
  author        = {{Tonghan Wang et. al.}},
  year          = {2020},
  eprint        = {2003.08039},
  archiveprefix = {arXiv},
  primaryclass  = {cs.MA}
}

@inproceedings{Kazhdan2020,
  author    = {Kazhdan, Dmitry and Shams, Zohreh and Lio, Pietro},
  booktitle = {2020 Int. Joint Conf. on Neural Networks (IJCNN)},
  title     = {MARLeME: A Multi-Agent Reinforcement Learning Model Extraction Library},
  year      = {2020},
  volume    = {},
  number    = {},
  pages     = {1-8},
  keywords  = {Task analysis;Learning (artificial intelligence);Libraries;Trajectory;Cognition;Decision making;Semantics;Multi-Agent Reinforcement Learning;Interpretability;Abstract Argumentation;Explainability;Model Extraction;Knowledge Extraction;Symbolic Reasoning;Library},
  doi       = {10.1109/IJCNN48605.2020.9207564}
}

@inproceedings{Perolat2017,
  author    = {{P\'{e}rolat, Julien et. al.}},
  booktitle = {Advances in Neural Information Processing Systems},
  editor    = {I. Guyon and U. Von Luxburg and S. Bengio and H. Wallach and R. Fergus and S. Vishwanathan and R. Garnett},
  pages     = {},
  publisher = {Curran Associates, Inc.},
  title     = {A multi-agent reinforcement learning model of common-pool resource appropriation},
  url       = {https://proceedings.neurips.cc/paper_files/paper/2017/file/2b0f658cbffd284984fb11d90254081f-Paper.pdf},
  volume    = {30},
  year      = {2017}
}

@inproceedings{Shao2022,
  author    = {Shao, Jianzhun and Lou, Zhiqiang and Zhang, Hongchang and Jiang, Yuhang and He, Shuncheng and Ji, Xiangyang},
  booktitle = {Advances in Neural Information Processing Systems},
  editor    = {S. Koyejo and S. Mohamed and A. Agarwal and D. Belgrave and K. Cho and A. Oh},
  pages     = {5711--5723},
  publisher = {Curran Associates, Inc.},
  title     = {Self-Organized Group for Cooperative Multi-agent Reinforcement Learning},
  url       = {https://proceedings.neurips.cc/paper_files/paper/2022/file/25b040c97a75021e57100648a20b1e10-Paper-Conf..pdf},
  volume    = {35},
  year      = {2022}
}

@article{Zheng2018,
  title   = {MAgent: A Many-Agent Reinforcement Learning Platform for Artificial Collective Intelligence},
  volume  = {32},
  url     = {https://ojs.aaai.org/index.php/AAAI/article/view/11371},
  doi     = {10.1609/aaai.v32i1.11371},
  number  = {1},
  journal = {Proc. of the AAAI Conf. on Artificial Intelligence},
  author  = {{Zheng, Lianmin et. al.}},
  year    = {2018},
  month   = {Apr.}
}

@article{Heuillet2022,
  author   = {{Heuillet Alexandre et. al.}},
  journal  = {IEEE Computational Intelligence Magazine},
  title    = {Collective eXplainable AI: Explaining Cooperative Strategies and Agent Contribution in Multiagent Reinforcement Learning With Shapley Values},
  year     = {2022},
  volume   = {17},
  number   = {1},
  pages    = {59-71},
  doi      = {10.1109/MCI.2021.3129959}
}

@article{Horling2004,
  title     = {A survey of multi-agent organizational paradigms},
  volume    = {19},
  doi       = {10.1017/S0269888905000317},
  number    = {4},
  journal   = {The Knowledge Engineering Review},
  publisher = {Cambridge University Press},
  author    = {HORLING, BRYAN and LESSER, VICTOR},
  year      = {2004},
  pages     = {281–316}
}

@inproceedings{Schon2021,
  title     = {Integration of Multi-Fidelity Models with Agent-Based Simulation for System of Systems},
  author    = {{Sch{\"o}n, Sofia et. al.}},
  booktitle = {AIAA AVIATION 2021 FORUM},
  pages     = {2996},
  year      = {2021}
}

@inproceedings{Picard2009,
  title     = {R{\'e}organisation et auto-organisation dans les syst{\`e}mes multi-agents},
  author    = {Picard, Gauthier and H{\"u}bner, Jomi Fred and Boissier, Olivier and Gleizes, Marie-Pierre},
  booktitle = {Journ{\'e}es Francophones sur les Syst{\`e}mes Multi-Agents (JFSMA'09)},
  pages     = {pages--89},
  year      = {2009}
}

@book{Albrecht2024,
  author    = {Stefano V. Albrecht and Filippos Christianos and Lukas Sch\"afer},
  title     = {Multi-Agent Reinforcement Learning: Foundations and Modern Approaches},
  publisher = {MIT Press},
  year      = {2024},
  url       = {https://www.marl-book.com}
}

@phdthesis{Jamont2005,
  title  = {DIAMOND: Une approche pour la conception de syst{\`e}mes multi-agents embarqu{\'e}s},
  author = {Jamont, Jean-Paul},
  year   = {2005},
  school = {Institut National Polytechnique de Grenoble-INPG}
}

@article{Jamont2015,
  title       = {{Meeting the challenges of decentralized embedded applications using multi-agent systems}},
  author      = {Jamont, Jean-Paul and Occello, Michel},
  url         = {https://hal.univ-grenoble-alpes.fr/hal-01265071},
  journal     = {{Int. Journal of Agent Oriented Software Engineering}},
  volume      = {5},
  number      = {1},
  pages       = {22-67},
  year        = {2015},
  doi         = {10.1504/IJAOSE.2015.078435},
  keywords    = { real world applications ; multi-agent systems ;  collective intelligence ;  embedded multi-agent systems ;  agent oriented analysis ;  agent design ;  collective cyber-physical systems},
  pdf         = {https://hal.univ-grenoble-alpes.fr/hal-01265071/file/IJAOSE_Occello_Jamont_2015.pdf},
  hal_id      = {hal-01265071},
  hal_version = {v1}
}

@inbook{Cernuzzi2014,
  author    = {{Cernuzzi, Luca et. al.}},
  editor    = {Cossentino, Massimo
               and Hilaire, Vincent
               and Molesini, Ambra
               and Seidita, Valeria},
  title     = {The Gaia Methodology Process},
  booktitle = {Handbook on Agent-Oriented Design Processes},
  year      = {2014},
  pages     = {141--172},
  isbn      = {978-3-642-39975-6},
  doi       = {10.1007/978-3-642-39975-6_6},
  url       = {https://doi.org/10.1007/978-3-642-39975-6_6}
}


@inproceedings{Mefteh2015,
  author    = {Mefteh, Wafa
               and Migeon, Frederic
               and Gleizes, Marie-Pierre
               and Gargouri, Faiez},

  title     = {ADELFE 3.0 Design, Building Adaptive Multi Agent Systems Based on Simulation a Case Study},
  booktitle = {Computational Collective Intelligence},
  year      = {2015},
  publisher = {Springer Int. Publishing},
  address   = {Cham},
  pages     = {19--28},
  isbn      = {978-3-319-24069-5}
}

@inproceedings{Ferber2004,
  author    = {Ferber, Jacques and Gutknecht, Olivier and Michel, Fabien},
  title     = {From Agents to Organizations: An Organizational View of Multi-agent Systems},
  booktitle = {Agent-Oriented Software Engineering IV},
  year      = {2004},
  publisher = {Springer Berlin Heidelberg},
  address   = {Berlin, Heidelberg},
  pages     = {214--230}
}

@inproceedings{Hubner2002,
  author = {Hübner, Jomi and Sichman, Jaime and Olivier, Boissier},
  year   = {2002},
  month  = {01},
  pages  = {118-128},
  title  = {A model for the structural, functional, and deontic specification of organizations in multiagent systems},
  isbn   = {3-540-00124-7}
}

@article{Sims2008,
  author  = {Sims, Mark
             and Corkill, Daniel
             and Lesser, Victor},
  title   = {Automated organization design for multi-agent systems},
  journal = {Autonomous Agents and Multi-Agent Systems},
  year    = {2008},
  month   = {Apr},
  day     = {01},
  volume  = {16},
  number  = {2},
  pages   = {151-185},
  issn    = {1573-7454},
  doi     = {10.1007/s10458-007-9023-8},
  url     = {https://doi.org/10.1007/s10458-007-9023-8}
}

@misc{Yu2022,
  title         = {The Surprising Effectiveness of PPO in Cooperative, Multi-Agent Games},
  author        = {{Chao Yu et. al.}},
  year          = {2022},
  eprint        = {2103.01955},
  archiveprefix = {arXiv},
  primaryclass  = {cs.LG}
}

@misc{Hailesilassie2016,
  title         = {Rule Extraction Algorithm for Deep Neural Networks: A Review},
  author        = {Tameru Hailesilassie},
  year          = {2016},
  eprint        = {1610.05267},
  archiveprefix = {arXiv},
  primaryclass  = {cs.CV}
}

@phdthesis{Jothimurugan2023,
  title  = {Specification-Guided Reinforcement Learning},
  author = {Jothimurugan, Kishor},
  year   = {2023},
  school = {University of Pennsylvania}
}

@misc{Jothimurugan2021,
  title         = {Compositional Reinforcement Learning from Logical Specifications},
  author        = {Kishor Jothimurugan and Suguman Bansal and Osbert Bastani and Rajeev Alur},
  year          = {2021},
  eprint        = {2106.13906},
  archiveprefix = {arXiv},
  primaryclass  = {cs.LG}
}

@inproceedings{Bansal2022,
  author    = {Bansal, Suguman},
  editor    = {Singh, Gagandeep
               and Urban, Caterina},
  title     = {Specification-Guided Reinforcement Learning},
  booktitle = {Static Analysis},
  year      = {2022},
  pages     = {3--9}
}


@misc{Lal2022,
  title         = {NN2Rules: Extracting Rule List from Neural Networks},
  author        = {G Roshan Lal and Varun Mithal},
  year          = {2022},
  eprint        = {2207.12271},
  archiveprefix = {arXiv},
  primaryclass  = {cs.LG}
}

@inproceedings{Sato2001,
  author    = {Sato, M. and Tsukimoto, H.},
  booktitle = {IJCNN'01. Int. Joint Conf. on Neural Networks. Proc. (Cat. No.01CH37222)},
  title     = {Rule extraction from neural networks via decision tree induction},
  year      = {2001},
  volume    = {3},
  number    = {},
  pages     = {1870-1875 vol.3},
  doi       = {10.1109/IJCNN.2001.938448}
}

@inbook{Beynier2013,
  author    = {{Beynier, Aurélie et. al.}},
  publisher = {John Wiley \& Sons, Ltd},
  isbn      = {9781118557426},
  title     = {DEC-MDP/POMDP},
  booktitle = {Markov Decision Processes in Artificial Intelligence},
  chapter   = {9},
  pages     = {277-318},
  doi       = {https://doi.org/10.1002/9781118557426.ch9},
  url       = {https://onlinelibrary.wiley.com/doi/abs/10.1002/9781118557426.ch9},
  eprint    = {https://onlinelibrary.wiley.com/doi/pdf/10.1002/9781118557426.ch9},
  year      = {2013},
  keywords  = {DEC-POMDPs, decentralized Markov decision processes (DEC-MDPs), multiagent decentralized control, multiagent decision problems}
}

@article{Hubner2007,
  title     = {Developing organised multiagent systems using the MOISE+ model: programming issues at the system and agent levels},
  volume    = {1},
  issn      = {1746-1383},
  url       = {http://dx.doi.org/10.1504/IJAOSE.2007.016266},
  doi       = {10.1504/ijaose.2007.016266},
  number    = {3/4},
  journal   = {Int. Journal of Agent-Oriented Software Engineering},
  publisher = {Inderscience Publishers},
  author    = {Hubner,  Jomi F. and Sichman,  Jaime S. and Boissier,  Olivier},
  year      = {2007},
  pages     = {370}
}

@book{Oliehoek2016,
  author    = {Frans A. Oliehoek and
               Christopher Amato},
  title     = {A Concise Introduction to Decentralized POMDPs},
  series    = {Springer Briefs in Intelligent Systems},
  publisher = {Springer},
  year      = {2016},
  url       = {https://doi.org/10.1007/978-3-319-28929-8},
  doi       = {10.1007/978-3-319-28929-8},
  isbn      = {978-3-319-28927-4},
  timestamp = {Wed, 14 Nov 2018 10:12:19 +0100},
  biburl    = {https://dblp.org/rec/series/sbis/OliehoekA16.bib},
  bibsource = {dblp computer science bibliography, https://dblp.org}
}

@inproceedings{Ferber1998,
  author    = {Ferber, J. and Gutknecht, O.},
  booktitle = {Proc. Int. Conf. on Multi Agent Systems (Cat. No.98EX160)},
  title     = {A meta-model for the analysis and design of organizations in multi-agent systems},
  year      = {1998},
  volume    = {},
  number    = {},
  pages     = {128-135},
  doi       = {10.1109/ICMAS.1998.699041}
}

@inproceedings{Bernon2003,
  author    = {Bernon, Carole
               and Gleizes, Marie-Pierre
               and Peyruqueou, Sylvain
               and Picard, Gauthier},
  editor    = {Petta, Paolo
               and Tolksdorf, Robert
               and Zambonelli, Franco},
  title     = {ADELFE: A Methodology for Adaptive Multi-agent Systems Engineering},
  booktitle = {Engineering Societies in the Agents World III},
  year      = {2003},
  publisher = {Springer Berlin Heidelberg},
  address   = {Berlin, Heidelberg},
  pages     = {156--169},
  isbn      = {978-3-540-39173-9}
}

@article{Abbas2015,
  author  = {Abbas, Hosny and Shaheen, Samir and Amin, Mohammed},
  year    = {2015},
  month   = {06},
  pages   = {},
  title   = {Organization of Multi-Agent Systems: An Overview},
  journal = {Int. Journal of Intelligent Information Systems},
  doi     = {10.11648/j.ijiis.20150403.11}
}