@book{Ferber1999,
  author    = {Jacques Ferber},
  title     = {Multi-Agent Systems: An Introduction to Distributed Artificial Intelligence},
  publisher = {Addison-Wesley},
  year      = {1999}
}

@article{Russell2010,
  author  = {Stuart Russell and Peter Norvig},
  title   = {Artificial Intelligence: A Modern Approach},
  journal = {Pearson},
  edition = {3rd},
  year    = {2010}
}

@article{Jennings1998,
  author  = {Nicholas R. Jennings and Katia Sycara and Michael Wooldridge},
  title   = {A Roadmap of Agent Research and Development},
  journal = {Autonomous Agents and Multi-Agent Systems},
  volume  = {1},
  number  = {1},
  pages   = {7--38},
  year    = {1998}
}

@article{Shoham2009,
  author  = {Yoav Shoham and Kevin Leyton-Brown},
  title   = {Multiagent Systems: Algorithmic, Game-Theoretic, and Logical Foundations},
  journal = {Cambridge University Press},
  year    = {2009}
}

@article{Georgeff1999,
  author  = {Michael P. Georgeff and Amy L. Lansky},
  title   = {Reactive Reasoning and Planning},
  journal = {Readings in Planning},
  pages   = {728--732},
  year    = {1999}
}

@article{Durfee1999,
  author  = {Edmund H. Durfee},
  title   = {Distributed problem solving and planning},
  journal = {Multiagent Systems: A Modern Approach to Distributed Artificial Intelligence},
  pages   = {121--164},
  year    = {1999}
}

@article{Jennings1996,
  author  = {Nicholas R. Jennings},
  title   = {Coordination techniques for distributed artificial intelligence},
  journal = {Foundations of Distributed Artificial Intelligence},
  pages   = {187--210},
  year    = {1996}
}

@article{Sandholm1999,
  author  = {Tuomas Sandholm},
  title   = {Distributed Rational Decision Making},
  journal = {Multiagent Systems: A Modern Approach to Distributed Artificial Intelligence},
  year    = {1999},
  pages   = {201--258}
}

@article{Heylighen2001,
  author  = {Francis Heylighen},
  title   = {The science of self-organization and adaptivity},
  journal = {The Encyclopedia of Life Support Systems},
  year    = {2001}
}

@article{DiMarzoSerugendo2005,
  author  = {Giovanna Di Marzo Serugendo and Marie-Pierre Gleizes and Anthony Karageorgos},
  title   = {Self-organisation and emergence in MAS: An overview},
  journal = {Informatica (Slovenia)},
  volume  = {30},
  number  = {1},
  pages   = {45--54},
  year    = {2006}
}

@article{Hubner2002,
  author  = {Jomi Fred H{\"u}bner and Jaime S. Sichman and Olivier Boissier},
  title   = {Using the MOISE+ for a Cooperative Framework of MAS Reorganization},
  journal = {Encontro de Inteligencia Artificial (ENIA)},
  year    = {2002}
}

@inproceedings{Hannoun2000,
  author    = {Mickael Hannoun and Olivier Boissier and Jacques Ferber and Vincenzo Drogoul},
  title     = {MOISE: An organizational model for multi-agent systems},
  booktitle = {Advances in Artificial Intelligence - SBIA 2000},
  year      = {2000}
}

@inproceedings{Dignum2004,
  author    = {Virginia Dignum},
  title     = {A model for organizational interaction: based on agents, founded in logic},
  booktitle = {AAMAS},
  year      = {2004},
  pages     = {1020--1021}
}

@inproceedings{Ferber2003,
  author    = {Jacques Ferber and Olivier Gutknecht and Fabien Michel},
  title     = {From Agents to Organizations: An Organizational View of Multi-Agent Systems},
  booktitle = {Agent-Oriented Software Engineering IV},
  year      = {2003}
}

@article{Zhang2021,
  author  = {Kaiqing Zhang and Zhuoran Yang and Tamer Ba\c{s}ar},
  title   = {Multi-Agent Reinforcement Learning: A Selective Overview of Theories and Algorithms},
  journal = {Handbook of Reinforcement Learning and Control},
  year    = {2021}
}

@inproceedings{Boella2008,
  author    = {Guido Boella and Leendert van der Torre},
  title     = {A foundational ontology of organizations and roles},
  booktitle = {AAMAS},
  year      = {2008}
}

@incollection{Theron2013P3R3,
  title     = {ICT resilience as dynamic process and cumulative aptitude},
  author    = {Theron, Paul},
  booktitle = {Critical information infrastructure protection and resilience in the ICT sector},
  pages     = {1--35},
  year      = {2013},
  publisher = {IGI Global Scientific Publishing}
}

@book{Kott2023,
  title     = {Autonomous intelligent cyber defense agent ({AICA}): A comprehensive guide},
  author    = {Kott, Alexander},
  publisher = {Springer Nature},
  month     = jul,
  year      = 2023,
  volume    = {87},
  address   = {Cham, Switzerland}
}

@article{Falong2025,
  title   = {PeerGuard: Defending Multi-Agent Systems Against Backdoor Attacks Through Mutual Reasoning},
  author  = {Fan, Falong and Li, Xi},
  journal = {arXiv preprint arXiv:2505.11642},
  year    = {2025}
}

@article{Cohen2020,
  title   = {The future of warfare in 2030},
  author  = {Cohen, Raphael S and Chandler, Nathan and Efron, Shira and Frederick, Bryan and Han, Eugeniu and Klein, Kurt and Morgan, Forrest E and Rhoades, Ashley L and Shatz, Howard J and Shokh, Yuliya},
  journal = {Rand Corporation},
  volume  = {46},
  year    = {2020}
}

@techreport{RLResilientCyberdefense2024,
  author      = {Miles Farmer and collaborators},
  title       = {Reinforcement Learning for Autonomous Resilient Cyber Defence},
  institution = {Cambridge Consultants \& FNC Technologies},
  year        = {2024},
  note        = {Focuses on the respond and recover functions using RL}
}

@article{AutoAttacker2024,
  author  = {Jiacen Xu and Jack W. Stokes and Geoff McDonald and Xuesong Bai and David Marshall and Siyue Wang and Adith Swaminathan and Zhou Li},
  title   = {AutoAttacker: A Large Language Model Guided System to Implement Automatic Cyber-attacks},
  journal = {arXiv preprint arXiv:2403.01038},
  year    = {2024},
  note    = {Demonstrates use of LLMs to automate penetration stages in simulated networks}
}

@article{AgenticAIThreats2025,
  author  = {Vineeth Sai Narajala and Om Narayan},
  title   = {Securing Agentic AI: A Comprehensive Threat Model and Mitigation Framework for Generative AI Agents},
  journal = {arXiv preprint arXiv:2504.19956},
  year    = {2025},
  note    = {Identifies unique vulnerabilities of generative agentic AI systems}
}

@InProceedings{Bernon2003,
author="Bernon, Carole
and Gleizes, Marie-Pierre
and Peyruqueou, Sylvain
and Picard, Gauthier",
editor="Petta, Paolo
and Tolksdorf, Robert
and Zambonelli, Franco",
title="ADELFE: A Methodology for Adaptive Multi-agent Systems Engineering",
booktitle="Engineering Societies in the Agents World III",
year="2003",
publisher="Springer Berlin Heidelberg",
address="Berlin, Heidelberg",
pages="156--169",
isbn="978-3-540-39173-9"
}


@INPROCEEDINGS{Hammar2023,
  author={Hammar, Kim and Stadler, Rolf},
  booktitle={NOMS 2023-2023 IEEE/IFIP Network Operations and Management Symposium}, 
  title={Digital Twins for Security Automation}, 
  year={2023},
  volume={},
  number={},
  pages={1-6},
  keywords={Automation;Emulation;Reinforcement learning;Markov processes;Data models;Digital twins;Security;Digital twin;cybersecurity;network security;automation;reinforcement learning;bMDP;POMDP},
  doi={10.1109/NOMS56928.2023.10154288}}


@article{Shahid2021,
  author         = {Tufail, Shahid and Parvez, Imtiaz and Batool, Shanzeh and Sarwat, Arif},
  title          = {A Survey on Cybersecurity Challenges, Detection, and Mitigation Techniques for the Smart Grid},
  journal        = {Energies},
  volume         = {14},
  year           = {2021},
  number         = {18},
  article-number = {5894},
  url            = {https://www.mdpi.com/1996-1073/14/18/5894},
  issn           = {1996-1073},
  doi            = {10.3390/en14185894}
}

@article{Gunning2019,
  title={XAI—Explainable artificial intelligence},
  author={Gunning, David and Stefik, Mark and Choi, Jaesik and Miller, Timothy and Stumpf, Simone and Yang, Guang-Zhong},
  journal={Science robotics},
  volume={4},
  number={37},
  pages={eaay7120},
  year={2019},
  publisher={American Association for the Advancement of Science}
}

@inproceedings{Picard2005,
  title={Techniques for multi-agent system reorganization},
  author={Picard, Gauthier and Mellouli, Sehl and Gleizes, Marie-Pierre},
  booktitle={International Workshop on Engineering Societies in the Agents World},
  pages={142--152},
  year={2005},
  organization={Springer}
}

@inproceedings{Andrew2022,
  author    = {Andrew, Alex and Spillard, Sam and Collyer, Joshua and Dhir, Neil},
  year      = {2022},
  month     = {07},
  title     = {Developing Optimal Causal Cyber-Defence Agents via Cyber Security Simulation},
  maintitle = {International Confernece on Machine Learning (ICML)},
  booktitle = {Workshop on Machine Learning for Cybersecurity (ML4Cyber)}
}

@inproceedings{Janisch2024,
  author    = {Janisch, Jarom{\'i}r
               and Pevn{\'y}, Tom{\'a}{\v{s}}
               and Lis{\'y}, Viliam},
  editor    = {Katsikas, Sokratis
               and Abie, Habtamu
               and Ranise, Silvio
               and Verderame, Luca
               and Cambiaso, Enrico
               and Ugarelli, Rita
               and Pra{\c{c}}a, Isabel
               and Li, Wenjuan
               and Meng, Weizhi
               and Furnell, Steven
               and Katt, Basel
               and Pirbhulal, Sandeep
               and Shukla, Ankur
               and Ianni, Michele
               and Dalla Preda, Mila
               and Choo, Kim-Kwang Raymond
               and Pupo Correia, Miguel
               and Abhishta, Abhishta
               and Sileno, Giovanni
               and Alishahi, Mina
               and Kalutarage, Harsha
               and Yanai, Naoto},
  title     = {NASimEmu: Network Attack Simulator {\&} Emulator for Training Agents Generalizing to Novel Scenarios},
  booktitle = {Computer Security. ESORICS 2023 International Workshops},
  year      = {2024},
  publisher = {Springer Nature Switzerland},
  address   = {Cham},
  pages     = {589--608}
}

@article{Buczak2015,
  title     = {A survey of data mining and machine learning methods for cyber security intrusion detection},
  author    = {Buczak, Anna L and Guven, Erhan},
  journal   = {IEEE Communications surveys \& tutorials},
  volume    = {18},
  number    = {2},
  pages     = {1153--1176},
  year      = {2015},
  publisher = {IEEE}
}

@misc{Vyas2023,
  title         = {Automated Cyber Defence: A Review},
  author        = {Sanyam Vyas and John Hannay and Andrew Bolton and Professor Pete Burnap},
  year          = {2023},
  eprint        = {2303.04926},
  archiveprefix = {arXiv},
  primaryclass  = {cs.CR},
  url           = {https://arxiv.org/abs/2303.04926}
}

@article{Dennis2010,
  title   = {Agent Based Approaches to Engineering Autonomous Space Software},
  author  = {Dennis, Louise A and Fisher, Michael and Lincoln, Nicholas and Lisitsa, Alexei and Veres, Sandor M},
  journal = {arXiv preprint arXiv:1003.0617},
  year    = {2010}
}

@techreport{MITRECyberResilience2020,
  author      = {{MITRE Corporation}},
  title       = {Cyber Resiliency Engineering Framework},
  institution = {MITRE},
  year        = {2020},
  number      = {MITRE/MP190570v01},
  url         = {https://www.mitre.org/publications/technical-papers/cyber-resiliency-engineering-framework}
}

@techreport{NISTresilience,
  author      = {National Institute of Standards and Technology (NIST)},
  title       = {Framework for Improving Critical Infrastructure Cybersecurity, Version 1.1},
  institution = {U.S. Department of Commerce},
  year        = {2018},
  number      = {NIST CSF v1.1},
  url         = {https://nvlpubs.nist.gov/nistpubs/CSWP/NIST.CSWP.04162018.pdf}
}

@misc{Yang2024,
  title         = {A Survey for Deep Reinforcement Learning Based Network Intrusion Detection},
  author        = {Wanrong Yang and Alberto Acuto and Yihang Zhou and Dominik Wojtczak},
  year          = {2024},
  eprint        = {2410.07612},
  archiveprefix = {arXiv},
  primaryclass  = {cs.CR},
  url           = {https://arxiv.org/abs/2410.07612}
}

@article{Zhang2021survey,
  title   = {Multi-agent reinforcement learning: A selective overview of theories and algorithms},
  author  = {Zhang, Kaiqing and Yang, Zhuoran and Basar, Tamer},
  journal = {Handbook of Reinforcement Learning and Control},
  year    = {2021}
}

@article{Papoudakis2021,
  title   = {Benchmarking multi-agent deep reinforcement learning algorithms in cooperative tasks},
  author  = {Papoudakis, Georgios and Christianos, Filippos and Rahman, Sharada P and Albrecht, Stefano V},
  journal = {NeurIPS},
  year    = {2021}
}

@article{Ha2018,
  title   = {World Models},
  author  = {Ha, David and Schmidhuber, Jargen},
  journal = {arXiv preprint arXiv:1803.10122},
  year    = {2018}
}

@inproceedings{Ng1999,
  title     = {Policy invariance under reward transformations: Theory and application to reward shaping},
  author    = {Ng, Andrew Y. and Harada, Daishi and Russell, Stuart},
  booktitle = {ICML},
  year      = {1999}
}

@inproceedings{Rahwan2009,
  title     = {Argumentation-based negotiation},
  author    = {Rahwan, Iyad and Jennings, Nicholas R.},
  booktitle = {Knowledge Engineering Review},
  year      = {2009}
}

@inproceedings{Picard2006,
  author    = {Picard, Gauthier
               and Mellouli, Sehl
               and Gleizes, Marie-Pierre},
  editor    = {Dikenelli, Ouguz
               and Gleizes, Marie-Pierre
               and Ricci, Alessandro},
  title     = {Techniques for Multi-agent System Reorganization},
  booktitle = {Engineering Societies in the Agents World VI},
  year      = {2006},
  publisher = {Springer Berlin Heidelberg},
  address   = {Berlin, Heidelberg},
  pages     = {142--152}
}

@article{Albrecht2018autonomous,
  title   = {Autonomous agents modelling other agents: A comprehensive survey and open problems},
  author  = {Albrecht, S.V. and Stone, P.},
  journal = {Artificial Intelligence},
  year    = {2018}
}

@article{Chouldechova2018,
  title   = {The frontiers of fairness in machine learning},
  author  = {Chouldechova, Alexandra and Roth, Aaron},
  journal = {arXiv preprint arXiv:1810.08810},
  year    = {2018}
}

@article{kurniawati2011motion,
  title     = {Motion planning under uncertainty for robotic tasks with long time horizons},
  author    = {Kurniawati, Hanna and Du, Yanzhu and Hsu, David and Lee, Wee Sun},
  journal   = {The International Journal of Robotics Research},
  volume    = {30},
  number    = {3},
  pages     = {308--323},
  year      = {2011},
  publisher = {SAGE Publications Sage UK: London, England}
}

@inproceedings{hubner2002moise,
  title        = {A model for the structural, functional, and deontic specification of organizations in multiagent systems},
  author       = {H{\"u}bner, J. F. and Sichman, J. S. and Boissier, O.},
  booktitle    = {Proceedings of the first international joint conference on Autonomous agents and multiagent systems: part 1},
  pages        = {501--502},
  year         = {2002},
  organization = {ACM}
}

@inproceedings{ferber2003agr,
  title        = {From agents to organizations: an organizational view of multi-agent systems},
  author       = {Ferber, Jacques and Gutknecht, Olivier and Michel, Fabien},
  booktitle    = {International workshop on agent-oriented software engineering},
  pages        = {214--230},
  year         = {2003},
  organization = {Springer}
}

@inproceedings{ricordel2000analysis,
  title        = {From analysis to deployment: a multi-agent platform survey},
  author       = {Ricordel, P. and Demazeau, Y.},
  booktitle    = {Engineering Societies in the Agents World},
  pages        = {93--104},
  year         = {2000},
  organization = {Springer}
}

@inproceedings{modi2005adopt,
  title     = {ADOPT: Asynchronous distributed constraint optimization with quality guarantees},
  author    = {Modi, Pragnesh Jay and Shen, Wei-Min and Tambe, Milind and Yokoo, Makoto},
  booktitle = {Artificial Intelligence},
  volume    = {161},
  number    = {1-2},
  pages     = {149--180},
  year      = {2005},
  publisher = {Elsevier}
}

@article{Shamshirband2020,
  author  = {Shamshirband, Shahaboddin and Chronopoulos, Anthony T. and Akello, Vincent and Zhang, Yan and Firoozjaei, Mehdi D.},
  title   = {A Review on IDSGame: An Open-Source Cybersecurity Environment for Adversarial Reinforcement Learning},
  journal = {Symmetry},
  year    = {2020},
  volume  = {12},
  number  = {8},
  pages   = {1273},
  doi     = {10.3390/sym12081273}
}

@inproceedings{Jansen2000,
  author      = {Wayne Jansen and Tom Karygiannis},
  title       = {Mobile Agent Security},
  booktitle   = {NIST Special Publication},
  year        = {2000},
  number      = {800-19},
  institution = {National Institute of Standards and Technology}
}

@article{Sommer2010,
  author  = {Robin Sommer and Vern Paxson},
  title   = {Outside the Closed World: On Using Machine Learning for Network Intrusion Detection},
  journal = {IEEE Symposium on Security and Privacy},
  year    = {2010},
  pages   = {305--316},
  doi     = {10.1109/SP.2010.25}
}

@article{Buczak2016,
  author  = {Anna L. Buczak and Erhan Guven},
  title   = {A Survey of Data Mining and Machine Learning Methods for Cyber Security Intrusion Detection},
  journal = {IEEE Communications Surveys \& Tutorials},
  volume  = {18},
  number  = {2},
  year    = {2016},
  pages   = {1153--1176},
  doi     = {10.1109/COMST.2015.2494502}
}

@misc{AICAReport2021,
  author = {NATO IST-152 Research Group},
  title  = {Autonomous Intelligent Cyber Agents (AICA) Reference Architecture},
  year   = {2021},
  note   = {Final Report, NATO STO IST-152, AICA Proto 2021}
}

@article{Kott2018,
  title   = {Autonomous intelligent cyber-defense agent (AICA) reference architecture. Release 2.0},
  author  = {Kott, Alexander and Theron, Paul and Drasar, Martin and Dushku, Edlira and LeBlanc, Benoit and Losiewicz, Paul and Guarino, Alessandro and Mancini, Luigi and Panico, Agostino and Pihelgas, Mauno and others},
  journal = {arXiv preprint arXiv:1803.10664},
  year    = {2018}
}

@article{Gleizes2008,
  title     = {Engineering systems which generate emergent functionalities},
  author    = {Gleizes, Marie-Pierre and Serugendo, Giovanna Di Marzo and others},
  journal   = {The Knowledge Engineering Review},
  volume    = {20},
  number    = {3},
  pages     = {267--280},
  year      = {2008},
  publisher = {Cambridge University Press}
}

@techreport{Bodeau2011,
  title       = {Cyber Resiliency Engineering Framework},
  author      = {Bodeau, Deborah and Graubart, Richard},
  institution = {MITRE Corporation},
  year        = {2011},
  number      = {MP120273}
}

@book{Wooldridge2009,
  title     = {An Introduction to MultiAgent Systems},
  author    = {Wooldridge, Michael},
  year      = {2009},
  publisher = {John Wiley \& Sons}
}

@misc{NATO2016Cyberdef,
  title        = {Cyber Defence},
  author       = {{NATO Cooperative Cyber Defence Centre of Excellence}},
  year         = {2016},
  howpublished = {\url{https://ccdcoe.org/}},
  note         = {Consulté en juin 2025}
}

@misc{ANSSI2020,
  author       = {{Agence nationale de la sécurité des systèmes d'information}},
  title        = {Panorama de la cybermenace 2020},
  year         = {2020},
  howpublished = {\url{https://www.ssi.gouv.fr/}},
  note         = {Consulté en juin 2025}
}

@article{Axelsson2000,
  author  = {Stefan Axelsson},
  title   = {Intrusion Detection Systems: A Survey and Taxonomy},
  journal = {Technical report, Department of Computer Engineering, Chalmers University},
  year    = {2000}
}

@article{Pawlick2019autodefense,
  author  = {Jeffrey Pawlick, Quanyan Zhu and Tamer Başar},
  title   = {Game Theory Meets Deep Learning: A Survey},
  journal = {arXiv preprint arXiv:1903.12260},
  year    = {2019}
}

@misc{Standen2021,
  title         = {CybORG: A Gym for the Development of Autonomous Cyber Agents},
  author        = {Maxwell Standen and Martin Lucas and David Bowman and Toby J. Richer and Junae Kim and Damian Marriott},
  year          = {2021},
  eprint        = {2108.09118},
  archiveprefix = {arXiv},
  primaryclass  = {cs.CR},
  url           = {https://arxiv.org/abs/2108.09118}
}

@article{Ghanem2021NASim,
  author  = {Nour Ghanem, Rafael Micheli, Evangelos Markatos},
  title   = {NASim: A Network Attack Simulator for Training Autonomous Cyber Defense Agents},
  journal = {arXiv preprint arXiv:2103.02453},
  year    = {2021}
}

@misc{cage_challenge_3_announcement,
  author       = {TTCP CAGE Working Group},
  title        = {TTCP CAGE Challenge 3},
  publisher    = {GitHub},
  howpublished = {\url{https://github.com/cage-challenge/cage-challenge-3}},
  year         = {2022}
}