@book{Kott2023,
  title     = "Autonomous intelligent cyber defense agent ({AICA)}: A comprehensive guide",
  author    = "Kott, Alexander",
  publisher = "Springer Nature",
  month     =  jul,
  year      =  2023,
  volume={87},
  address   = "Cham, Switzerland",
}


@misc{cage_challenge_3_announcement2022, 
  author = {TTCP CAGE Working Group}, 
  Title = {TTCP CAGE Challenge 3}, 
  Publisher = {GitHub},  
  Howpublished = {\url{https://github.com/cage-challenge/cage-challenge-3}}, 
  Year = {2022} 
}


@misc{Soule2023, 
  author = {Soule Julien}, 
  Title = {Cyberdefense Multi-Agent System Development Environment}, 
  Publisher = {GitHub},  
  Howpublished = {\url{https://github.com/julien6/CybMASDE}}, 
  Year = {2023}
}


@misc{Soule2023-video, 
  author = {Soule Julien}, 
  Title = {CybMASDE for the 3rd CAGE Challenge}, 
  Publisher = {Youtube},  
  Howpublished = {\url{https://www.youtube.com/watch?v=wcaZcbain2s&t=1650s}}, 
  Year = {2023}
}


@comment ===================================================
@comment          References for simulators
@comment ===================================================

@comment gym-optimal-intrusion-response, CSLE
"@INPROCEEDINGS{Hammar2022,
  author={Hammar, Kim and Stadler, Rolf},
  booktitle={NOMS 2022-2022 IEEE/IFIP Network Operations and Management Symposium},
  title={A System for Interactive Examination of Learned Security Policies},
  year={2022},
  volume={},
  number={},
  pages={1-3},
  doi={10.1109/NOMS54207.2022.9789707}}

@comment gym-nasim
@misc{Schwartz2019,
      title={Autonomous Penetration Testing using Reinforcement Learning}, 
      author={Jonathon Schwartz and Hanna Kurniawati},
      year={2019},
      eprint={1905.05965},
      archivePrefix={arXiv},
      primaryClass={cs.CR}
}

@comment NASimEmu
@misc{Janisch2023,
      title={NASimEmu: Network Attack Simulator \& Emulator for Training Agents Generalizing to Novel Scenarios}, 
      author={Jaromír Janisch and Tomáš Pevný and Viliam Lisý},
      year={2023},
      eprint={2305.17246},
      archivePrefix={arXiv},
      primaryClass={cs.CR}
}

@comment ATMoS
@INPROCEEDINGS{Akbari2020,
  author={Akbari, Iman and Tahoun, Ezzeldin and Salahuddin, Mohammad A. and Limam, Noura and Boutaba, Raouf},
  booktitle={NOMS 2020 - 2020 IEEE/IFIP Network Operations and Management Symposium}, 
  title={ATMoS: Autonomous Threat Mitigation in SDN using Reinforcement Learning}, 
  year={2020},
  volume={},
  number={},
  pages={1-9},
  doi={10.1109/NOMS47738.2020.9110426}}

@comment CYST	CyberBattleSim	Yawning Titan	CSLE	Cyborg
@INPROCEEDINGS{Drasar2020,
  author={Drašar, Martin and Moskal, Stephen and Yang, Shanchieh and Zat'ko, Pavol},
  booktitle={2020 IEEE/ACM 24th International Symposium on Distributed Simulation and Real Time Applications (DS-RT)}, 
  title={Session-level Adversary Intent-Driven Cyberattack Simulator}, 
  year={2020},
  volume={},
  number={},
  pages={1-9},
  doi={10.1109/DS-RT50469.2020.9213690}}

@comment CyberBattleSim
@misc{Seifert2021,
  Author = {Microsoft Defender Research Team.},
  Publisher = {GitHub},
  Howpublished = {\url{https://github.com/microsoft/cyberbattlesim}},
  Title = {CyberBattleSim},
  Year = {2021}
}

@comment Yawning Titan
@inproceedings{Andrew2022,
author = {Andrew, Alex and Spillard, Sam and Collyer, Joshua and Dhir, Neil},
year = {2022},
month = {07},
pages = {},
title = {Developing Optimal Causal Cyber-Defence Agents via Cyber Security Simulation}
}

@comment Cyborg
@misc{Maxwell2021,
      title={CybORG: A Gym for the Development of Autonomous Cyber Agents}, 
      author={Maxwell Standen and Martin Lucas and David Bowman and Toby J. Richer and Junae Kim and Damian Marriott},
      year={2021},
      eprint={2108.09118},
      archivePrefix={arXiv},
      primaryClass={cs.CR}
}