@article{Russell1995,
  title     = {A modern, agent-oriented approach to introductory artificial intelligence},
  author    = {Russell, Stuart and Norvig, Peter},
  journal   = {Acm Sigart Bulletin},
  volume    = {6},
  number    = {2},
  pages     = {24--26},
  year      = {1995},
  publisher = {ACM New York, NY, USA}
}

@article{Wooldridge2000,
  title     = {The Gaia methodology for agent-oriented analysis and design},
  author    = {Wooldridge, Michael and Jennings, Nicholas R and Kinny, David},
  journal   = {Autonomous Agents and multi-agent systems},
  volume    = {3},
  pages     = {285--312},
  year      = {2000},
  publisher = {Springer}
}

@article{Horling2004,
  title     = {A survey of multi-agent organizational paradigms},
  volume    = {19},
  doi       = {10.1017/S0269888905000317},
  number    = {4},
  journal   = {The Knowledge Engineering Review},
  publisher = {Cambridge University Press},
  author    = {HORLING, BRYAN and LESSER, VICTOR},
  year      = {2004},
  pages     = {281–316}
}

@inproceedings{Picard2009,
  title     = {R{\'e}organisation et auto-organisation dans les syst{\`e}mes multi-agents},
  author    = {Picard, Gauthier and H{\"u}bner, Jomi Fred and Boissier, Olivier and Gleizes, Marie-Pierre},
  booktitle = {Journ{\'e}es Francophones sur les Syst{\`e}mes Multi-Agents (JFSMA'09)},
  pages     = {pages--89},
  year      = {2009}
}

@phdthesis{Jamont2005,
  title  = {DIAMOND: Une approche pour la conception de syst{\`e}mes multi-agents embarqu{\'e}s},
  author = {Jamont, Jean-Paul},
  year   = {2005},
  school = {Institut National Polytechnique de Grenoble-INPG}
}

@inproceedings{Hubner2002,
  author = {Hübner, Jomi and Sichman, Jaime and Olivier, Boissier},
  year   = {2002},
  month  = {01},
  pages  = {118-128},
  title  = {A model for the structural, functional, and deontic specification of organizations in multiagent systems},
  isbn   = {3-540-00124-7}
}

@misc{Hailesilassie2016,
  title         = {Rule Extraction Algorithm for Deep Neural Networks: A Review},
  author        = {Tameru Hailesilassie},
  year          = {2016},
  eprint        = {1610.05267},
  archiveprefix = {arXiv},
  primaryclass  = {cs.CV}
}

@phdthesis{Jothimurugan2023,
  title  = {Specification-Guided Reinforcement Learning},
  author = {Jothimurugan, Kishor},
  year   = {2023},
  school = {University of Pennsylvania}
}

@misc{Jothimurugan2021,
  title         = {Compositional Reinforcement Learning from Logical Specifications},
  author        = {Kishor Jothimurugan and Suguman Bansal and Osbert Bastani and Rajeev Alur},
  year          = {2021},
  eprint        = {2106.13906},
  archiveprefix = {arXiv},
  primaryclass  = {cs.LG}
}

@inproceedings{Bansal2022,
  author    = {Bansal, Suguman},
  editor    = {Singh, Gagandeep
               and Urban, Caterina},
  title     = {Specification-Guided Reinforcement Learning},
  booktitle = {Static Analysis},
  year      = {2022},
  publisher = {Springer Nature Switzerland},
  address   = {Cham},
  pages     = {3--9}
}


@misc{Lal2022,
  title         = {NN2Rules: Extracting Rule List from Neural Networks},
  author        = {G Roshan Lal and Varun Mithal},
  year          = {2022},
  eprint        = {2207.12271},
  archiveprefix = {arXiv},
  primaryclass  = {cs.LG}
}

@inproceedings{Sato2001,
  author    = {Sato, M. and Tsukimoto, H.},
  booktitle = {IJCNN'01. International Joint Conference on Neural Networks. Proceedings (Cat. No.01CH37222)},
  title     = {Rule extraction from neural networks via decision tree induction},
  year      = {2001},
  volume    = {3},
  number    = {},
  pages     = {1870-1875 vol.3},
  doi       = {10.1109/IJCNN.2001.938448}
}

@inbook{Beynier2013,
  author    = {Beynier, Aurélie and Charpillet, François and Szer, Daniel and Mouaddib, Abdel-Illah},
  publisher = {John Wiley \& Sons, Ltd},
  isbn      = {9781118557426},
  title     = {DEC-MDP/POMDP},
  booktitle = {Markov Decision Processes in Artificial Intelligence},
  chapter   = {9},
  pages     = {277-318},
  doi       = {https://doi.org/10.1002/9781118557426.ch9},
  url       = {https://onlinelibrary.wiley.com/doi/abs/10.1002/9781118557426.ch9},
  eprint    = {https://onlinelibrary.wiley.com/doi/pdf/10.1002/9781118557426.ch9},
  year      = {2013},
  keywords  = {DEC-POMDPs, decentralized Markov decision processes (DEC-MDPs), multiagent decentralized control, multiagent decision problems}
}

@article{Hubner2007,
  title     = {Developing organised multiagent systems using the MOISE+ model: programming issues at the system and agent levels},
  volume    = {1},
  issn      = {1746-1383},
  url       = {http://dx.doi.org/10.1504/IJAOSE.2007.016266},
  doi       = {10.1504/ijaose.2007.016266},
  number    = {3/4},
  journal   = {International Journal of Agent-Oriented Software Engineering},
  publisher = {Inderscience Publishers},
  author    = {Hubner,  Jomi F. and Sichman,  Jaime S. and Boissier,  Olivier},
  year      = {2007},
  pages     = {370}
}

@book{Oliehoek2016,
  author    = {Frans A. Oliehoek and
               Christopher Amato},
  title     = {A Concise Introduction to Decentralized POMDPs},
  series    = {Springer Briefs in Intelligent Systems},
  publisher = {Springer},
  year      = {2016},
  url       = {https://doi.org/10.1007/978-3-319-28929-8},
  doi       = {10.1007/978-3-319-28929-8},
  isbn      = {978-3-319-28927-4},
  timestamp = {Wed, 14 Nov 2018 10:12:19 +0100},
  biburl    = {https://dblp.org/rec/series/sbis/OliehoekA16.bib},
  bibsource = {dblp computer science bibliography, https://dblp.org}
}

@inproceedings{Ferber1998,
  author    = {Ferber, J. and Gutknecht, O.},
  booktitle = {Proceedings International Conference on Multi Agent Systems (Cat. No.98EX160)},
  title     = {A meta-model for the analysis and design of organizations in multi-agent systems},
  year      = {1998},
  volume    = {},
  number    = {},
  pages     = {128-135},
  doi       = {10.1109/ICMAS.1998.699041}
}

@inproceedings{Ferber2004,
  author    = {Ferber, Jacques and Gutknecht, Olivier and Michel, Fabien},
  editor    = {Giorgini, Paolo and M{\"u}ller, J{\"o}rg P. and Odell, James},
  title     = {From Agents to Organizations: An Organizational View of Multi-agent Systems},
  booktitle = {Agent-Oriented Software Engineering IV},
  year      = {2004},
  publisher = {Springer Berlin Heidelberg},
  address   = {Berlin, Heidelberg},
  pages     = {214--230}
}

@inproceedings{Bernon2003,
  author    = {Bernon, Carole
               and Gleizes, Marie-Pierre
               and Peyruqueou, Sylvain
               and Picard, Gauthier},
  editor    = {Petta, Paolo
               and Tolksdorf, Robert
               and Zambonelli, Franco},
  title     = {ADELFE: A Methodology for Adaptive Multi-agent Systems Engineering},
  booktitle = {Engineering Societies in the Agents World III},
  year      = {2003},
  publisher = {Springer Berlin Heidelberg},
  address   = {Berlin, Heidelberg},
  pages     = {156--169},
  isbn      = {978-3-540-39173-9}
}

@article{Abbas2015,
  author  = {Abbas, Hosny and Shaheen, Samir and Amin, Mohammed},
  year    = {2015},
  month   = {06},
  pages   = {},
  title   = {Organization of Multi-Agent Systems: An Overview},
  journal = {International Journal of Intelligent Information Systems},
  doi     = {10.11648/j.ijiis.20150403.11}
}