@techreport{keele2007guidelines,
  title={Guidelines for performing systematic literature reviews in software engineering},
  author={Keele, Staffs and others},
  year={2007},
  institution={Technical report, ver. 2.3 ebse technical report. ebse}
}

@incollection{beynier2010,
  TITLE = {{DEC-MDP / DEC-POMDP}},
  AUTHOR = {{Beynier, Aur{\'e}lie et al.}},
  URL = {https://hal.science/hal-00969197},
  BOOKTITLE = {{Markov Decision Processes in Artificial Intelligence}},
  PAGES = {277-313},
  YEAR = {2010},
  KEYWORDS = {Dec-POMDP ; Dec-MDP ; decentralized Markov decision processes ; Markov decision processes},
  HAL_ID = {hal-00969197},
  HAL_VERSION = {v1},
}

@misc{openAIGym2016,
  Author = {Greg Brockman and Vicki Cheung and Ludwig Pettersson and Jonas Schneider and John Schulman and Jie Tang and Wojciech Zaremba},
  Title = {OpenAI Gym},
  Year = {2016},
  Eprint = {arXiv:1606.01540},
}

@misc{jk2020,
  doi = {10.48550/ARXIV.2009.14471},
  
  url = {https://arxiv.org/abs/2009.14471},
  
  author = {{Terry, J. K et al}},
  
  keywords = {Machine Learning (cs.LG), Multiagent Systems (cs.MA), Machine Learning (stat.ML), FOS: Computer and information sciences, FOS: Computer and information sciences},
  
  title = {PettingZoo: Gym for Multi-Agent Reinforcement Learning},
  
  publisher = {arXiv},
  
  year = {2020},
  
  copyright = {arXiv.org perpetual, non-exclusive license}
}

@article{bernstein2013,
  author    = {{Daniel S. Bernstein et al.}},
  title     = {The Complexity of Decentralized Control of Markov Decision Processes},
  journal   = {CoRR},
  volume    = {abs/1301.3836},
  year      = {2013},
  url       = {http://arxiv.org/abs/1301.3836},
  eprinttype = {arXiv},
  eprint    = {1301.3836},
  timestamp = {Mon, 13 Aug 2018 16:48:33 +0200},
  biburl    = {https://dblp.org/rec/journals/corr/abs-1301-3836.bib},
  bibsource = {dblp computer science bibliography, https://dblp.org}
}

@article{russell1995modern,
  title={A modern, agent-oriented approach to introductory artificial intelligence},
  author={Russell, Stuart and Norvig, Peter},
  journal={Acm Sigart Bulletin},
  volume={6},
  number={2},
  pages={24--26},
  year={1995},
  publisher={ACM New York, NY, USA}
}

@article{theron_p3r3_2021,
author = {Theron, Paul},
year = {2013},
month = {01},
pages = {1-35},
title = {ICT Resilience as Dynamic Process and Cumulative Aptitude},
volume = {3},
isbn = {9781466629653},
journal = {Critical Information Infrastructure Protection and Resilience in the ICT Sector},
doi = {10.4018/978-1-4666-2964-6.ch001}
}

@standard{iso25010,
  added-at = {2019-09-18T23:11:14.000+0200},
  author = {{{ISO}/{IEC} 25010}},
  biburl = {https://www.bibsonomy.org/bibtex/25951b0998b7eaea346d826fd77110a48/bcoldewey},
  description = {ISO - ISO/IEC 25010:2011 - Systems and software engineering — Systems and software Quality Requirements and Evaluation (SQuaRE) — System and software quality models},
  interhash = {e1ddd5bbe85934296c3f68c8f57b458d},
  intrahash = {5951b0998b7eaea346d826fd77110a48},
  keywords = {ISO Softwarequalität},
  institution = {{ISO}/{IEC} 25010:2011},
  timestamp = {2019-09-18T23:11:14.000+0200},
  title = {{ISO}/{IEC} 25010:2011, Systems and software engineering — Systems and software Quality Requirements and Evaluation (SQuaRE) — System and software quality models},
  year = 2011
}

@article{ieeesp_KottT20,
  author    = {Alexander Kott and
               Paul Th{\'{e}}ron},
  title     = {Doers, Not Watchers: Intelligent Autonomous Agents Are a Path to Cyber
               Resilience},
  journal   = {{IEEE} Secur. Priv.},
  volume    = {18},
  number    = {3},
  pages     = {62--66},
  year      = {2020},
  url       = {https://doi.org/10.1109/MSEC.2020.2983714},
  doi       = {10.1109/MSEC.2020.2983714},
  timestamp = {Tue, 09 Jun 2020 08:57:33 +0200},
  biburl    = {https://dblp.org/rec/journals/ieeesp/KottT20.bib},
  bibsource = {dblp computer science bibliography, https://dblp.org}
}

@inproceedings{ccdc_army_research_laboratory_internet_2017,
	title = {Internet of Battlefield Things ({IOBT})},
	author = {{CCDC} Army Research Laboratory},
	date = {2017-02-07},
}

@inproceedings{drasar_session-level_2020,
	location = {Prague, Czech Republic},
	title = {Session-level Adversary Intent-Driven Cyberattack Simulator},
	isbn = {978-1-72817-343-6},
	url = {https://ieeexplore.ieee.org/document/9213690/},
	doi = {10.1109/DS-RT50469.2020.9213690},
	abstract = {Recognizing the need for proactive analysis of cyber adversary behavior, this paper presents a new event-driven simulation model and implementation to reveal the efforts needed by attackers who have various entry points into a network. Unlike previous models which focus on the impact of attackers’ actions on the defender’s infrastructure, this work focuses on the attackers’ strategies and actions. By operating on a requestresponse session level, our model provides an abstraction of how the network infrastructure reacts to access credentials the adversary might have obtained through a variety of strategies. We present the current capabilities of the simulator by showing three variants of Bronze Butler {APT} on a network with different user access levels.},
	eventtitle = {{IEEE}/{ACM} 24th Int. Symp. on Distributed Simulation and Real Time Applications},
	pages = {1--9},
	booktitle = {2020 {IEEE}/{ACM} 24th Int. Symp. on Distributed Simulation and Real Time Applications},
	publisher = {{IEEE}},
	author = {Drasar, Martin and Moskal, Stephen and Yang, Shanchieh and Zat'ko, Pavol},
	urldate = {2022-09-14},
	date = {2020-09},
    year = 2020
}

@article{horling_lesser_2004, title={A survey of multi-agent organizational paradigms}, volume={19}, DOI={10.1017/S0269888905000317}, number={4}, journal={The Knowledge Engineering Review}, publisher={Cambridge University Press}, author={HORLING, BRYAN and LESSER, VICTOR}, year={2004}, pages={281–316}}

@article{gorodetski2003multi,
  title={Multi-agent technologies for computer network security},
  author={Gorodetski, Vladimir and Kotenko, Igor and Karsaev, Oleg},
  journal={Comput. Syst. Sci. Eng.},
  volume={18},
  number={4},
  pages={191--200},
  year={2003}
}

@inproceedings{de2017distributed,
  title={A distributed, multi-agent approach to reactive network resilience},
  author={{E. de la Hoz et al.}},
  booktitle={Proceedings of the 16th Conference on Autonomous Agents and MultiAgent Systems},
  pages={1044--1053},
  year={2017}
}

@inproceedings{holloway2009self,
  title={Self organized multi-agent entangled hierarchies for network security},
  author={Holloway, Eric M and Lamont, Gary B},
  booktitle={Proc. of the 11th Annual Conference Companion on Genetic and Evolutionary Computation Conference: Late Breaking Papers},
  pages={2589--2596},
  year={2009}
}

@inproceedings{rahman2015distributed,
  title={Distributed multi-agent scheme to enhance cyber security of smart power grids},
  author={Rahman, MS and Pota, HR and Mahmud, MA and Hossain, MJ and Orchi, TF},
  booktitle={IEEE Power \& Energy Society General Meeting},
  pages={1--5},
  year={2015},
  organization={IEEE}
}

@article{demir2021adaptive,
  title={An Adaptive Multi-Agent Physical Layer Security Framework for Cognitive Cyber-Physical Systems},
  author={{M. Demir et al.}},
  journal={arXiv preprint arXiv:2101.02446},
  year={2021}
}

@article{morteza2015method,
  title={A method in security of wireless sensor network based on optimized artificial immune system in multi-agent environments},
  author={{J. Morteza et al.}},
  journal={arXiv preprint arXiv:1508.01706},
  year={2015}
}

@incollection{akandwanaho2018generic,
  title={A Generic Self-Evolving Multi-Agent Defense Approach Against Cyber Attacks},
  author={Akandwanaho, Stephen Mugisha and Govender, Irene},
  booktitle={Handbook of Research on Information and Cyber Security in the Fourth Industrial Revolution},
  pages={165--181},
  year={2018},
  publisher={IGI Global}
}

@inproceedings{carvalho2011evolutionary,
  title={An evolutionary multi-agent approach to anomaly detection and cyber defense},
  author={Carvalho, Marco and Perez, Carlos},
  booktitle={7th Annual Workshop on Cyber Security and Information Intelligence Research},
  pages={1--1},
  year={2011}
}

@inproceedings{haack2011ant,
  title={Ant-based cyber security},
  author={{J. Haack et. al}},
  booktitle={2011 8th Int. Conf. on Information Technology},
  pages={918--926},
  year={2011},
  organization={IEEE}
}

@inproceedings{holloway2009network,
  author    = {Eric M. Holloway and
               Gary B. Lamont and
               Gilbert L. Peterson},
  title     = {Network security using self organized multi agent swarms},
  booktitle = {2009 {IEEE} Symposium on Computational Intelligence in Cyber Security,
               {CICS} 2009, Nashville, TN, USA, March 31 - April 2, 2009},
  pages     = {144--151},
  publisher = {{IEEE}},
  year      = {2009},
  url       = {https://doi.org/10.1109/CICYBS.2009.4925102},
  doi       = {10.1109/CICYBS.2009.4925102},
  timestamp = {Sun, 25 Oct 2020 22:36:45 +0100},
  biburl    = {https://dblp.org/rec/conf/cics/HollowayLP09.bib},
  bibsource = {dblp computer science bibliography, https://dblp.org}
}

@article{holloway2019self,
  title={Self organized multi agent swarms (SOMAS) for network security control},
  author={Holloway, Eric M},
  journal={Theses and Dissertations},
  year={2019}
}

@inproceedings{lamont2009military,
  title={Military network security using self organized multi-agent entangled hierarchies},
  author={Lamont, Gary B and Holloway, Eric M},
  booktitle={Proc. of the Genetic and Evolutionary Computation Conf.},
  pages={2559--2566},
  year={2009}
}

@article{liu2008active,
  title={Active defense model for network intrusion based on immune multi-agent},
  author={Liu, Sunjun and Wang, Diangang and Yang, Pin and Zhang, Jianhua},
  journal={Journal of Wuhan University - Information Science Edition},
  volume={33},
  number={10},
  pages={1055--1058},
  year={2008},
  publisher={Journal of Wuhan University - Information Science Edition}
}

@article{DBLP:journals/corr/abs-2007-09512,
  author    = {Aditya Shinde and
               Prashant Doshi and
               Omid Setayeshfar},
  title     = {Active Deception using Factored Interactive POMDPs to Recognize Cyber
               Attacker's Intent},
  journal   = {CoRR},
  volume    = {abs/2007.09512},
  year      = {2020},
  url       = {https://arxiv.org/abs/2007.09512},
  eprinttype = {arXiv},
  eprint    = {2007.09512},
  timestamp = {Tue, 28 Jul 2020 14:46:12 +0200},
  biburl    = {https://dblp.org/rec/journals/corr/abs-2007-09512.bib},
  bibsource = {dblp computer science bibliography, https://dblp.org}
}

@misc{MCASWebsite,
  title = {Multi Cyber Agent Simulator},
  howpublished = {\url{https://github.com/julien6/MCAS}},
  note = {Accessed: 2023-03-07}
}

@book{OliehoekA16,
  author    = {Frans A. Oliehoek and
               Christopher Amato},
  title     = {A Concise Introduction to Decentralized POMDPs},
  series    = {Springer Briefs in Intelligent Systems},
  publisher = {Springer},
  year      = {2016},
  url       = {https://doi.org/10.1007/978-3-319-28929-8},
  doi       = {10.1007/978-3-319-28929-8},
  isbn      = {978-3-319-28927-4},
  timestamp = {Wed, 14 Nov 2018 10:12:19 +0100},
  biburl    = {https://dblp.org/rec/series/sbis/OliehoekA16.bib},
  bibsource = {dblp computer science bibliography, https://dblp.org}
}

@INPROCEEDINGS{5136631,  author={Khosravifar, Babak and Gomrokchi, Maziar and Bentahar, Jamal},  booktitle={2009 International Conference on Advanced Information Networking and Applications Workshops},   title={A Multi-agent-based Approach to Improve Intrusion Detection Systems False Alarm Ratio by Using Honeypot},   year={2009},  volume={},  number={},  pages={97-102},  doi={10.1109/WAINA.2009.103}}

@article{mintzberg_structure_1982,
  title = {Structure et dynamique des organisations},
  journal = {Les Editions d’Organisation Paris},
  author = {Mintzberg, Henry},
  year = {1982},
}

@article{meng2015collaborative,
  title={Collaborative security: A survey and taxonomy},
  author={Meng, Guozhu and Liu, Yang and Zhang, Jie and Pokluda, Alexander and Boutaba, Raouf},
  journal={ACM Computing Surveys (CSUR)},
  volume={48},
  number={1},
  pages={1--42},
  year={2015},
  publisher={ACM New York, NY, USA}
}

@article{Zhang2011IdentifyingRS,
  title={Identifying relevant studies in software engineering},
  author={He Zhang and Muhammad Ali Babar and Paolo Tell},
  journal={Inf. Softw. Technol.},
  year={2011},
  volume={53},
  pages={625-637}
}

@inproceedings{picard2009reorganisation,
  title={R{\'e}organisation et auto-organisation dans les syst{\`e}mes multi-agents},
  author={Picard, Gauthier and H{\"u}bner, Jomi Fred and Boissier, Olivier and Gleizes, Marie-Pierre},
  booktitle={Journ{\'e}es Francophones sur les Syst{\`e}mes Multi-Agents},
  pages={pages--89},
  year={2009}
}

@inproceedings{zhou2005peer,
  title={A peer-to-peer collaborative intrusion detection system},
  author={Zhou, Chenfeng Vincent and Karunasekera, Shanika and Leckie, Christopher},
  booktitle={2005 13th IEEE International Conference on Networks Jointly held with the 2005 IEEE 7th Malaysia International Conf on Communic},
  volume={1},
  pages={6--pp},
  year={2005},
  organization={IEEE}
}

@misc{cyberbattlesim,
  Author = {Microsoft Defender Research Team.},
  Note = {Created by Christian Seifert, Michael Betser, William Blum, James Bono, Kate Farris, Emily Goren, Justin Grana, Kristian Holsheimer, Brandon Marken, Joshua Neil, Nicole Nichols, Jugal Parikh, Haoran Wei.},
  Publisher = {GitHub},
  url = {https://github.com/microsoft/cyberbattlesim},
  Title = {CyberBattleSim},
  Year = {2021}
}

@article{terry2020pettingzoo,
  Title = {PettingZoo: Gym for Multi-Agent Reinforcement Learning},
  Author = {{Terry, J. K et al}},
  journal={arXiv preprint arXiv:2009.14471},
  year={2020}
}

@article{kott2018autonomous,
  title={Autonomous intelligent cyber-defense agent (AICA) reference architecture. release 2.0},
  author={Kott, Alexander and Th{\'e}ron, Paul and Dra{\v{s}}ar, Martin and Dushku, Edlira and LeBlanc, Beno{\^\i}t and Losiewicz, Paul and Guarino, Alessandro and Mancini, Luigi and Panico, Agostino and Pihelgas, Mauno and others},
  journal={arXiv preprint arXiv:1803.10664},
  year={2018}
}

@artwork{theron_first_2020,
	title = {A first prototype of the Multi Agent System Centric {AICA} Reference Architecture ({MASCARA}), 1st {NCIA} – {AICA} {IWG} Technical Workshop, {AICA} Agents’ reference architecture session, (2020)},
	author = {Théron, Paul and Jamont, Jean-Paul},
	date = {2020},
}


@article{vasilomanolakis2015taxonomy,
  title={Taxonomy and survey of collaborative intrusion detection},
  author={Vasilomanolakis, Emmanouil and Karuppayah, Shankar and M{\"u}hlh{\"a}user, Max and Fischer, Mathias},
  journal={ACM Computing Surveys (CSUR)},
  volume={47},
  number={4},
  pages={1--33},
  year={2015},
  publisher={ACM New York, NY, USA}
}

@article{jennings2000agent,
  title={On agent-based software engineering},
  author={Jennings, Nicholas R},
  journal={Artificial intelligence},
  volume={117},
  number={2},
  pages={277--296},
  year={2000},
  publisher={Elsevier}
}

@article{wooldridge1995intelligent,
  title={Intelligent agents: Theory and practice},
  author={Wooldridge, Michael and Jennings, Nicholas R},
  journal={The knowledge engineering review},
  volume={10},
  number={2},
  pages={115--152},
  year={1995},
  publisher={Cambridge University Press}
}

@book{wooldridge2009introduction,
  title={An introduction to multiagent systems},
  author={Wooldridge, Michael},
  year={2009},
  publisher={John wiley \& sons}
}

@misc{ACM,
	title = {ACM Digital Library advanced search tool},
	url = {https://dl.acm.org/search/advanced},
	urldate = {2022-02-07},
}

@misc{IEEE,
	title = {IEEE Xplore advanced search tool},
	url = {https://ieeexplore.ieee.org/search/advanced},
	urldate = {2022-02-07},
}

@misc{Elsevier,
	title = {Sciencedirect advanced search tool},
	url = {https://www.sciencedirect.com/search},
	urldate = {2022-02-07},
}

@misc{Springer,
	title = {Springer search tool},
	url = {https://link.springer.com/search},
	urldate = {2022-02-07},
}

@misc{noauthor_glossaire_nodate,
	title = {Glossaire},
	url = {https://www.ssi.gouv.fr/entreprise/glossaire/},
	abstract = {L’ANSSI est l'autorité nationale en matière de sécurité et de défense des systèmes d’information. Prévention, protection, réaction, formation et labellisation de solutions et de services pour la sécurité numérique de la Nation.},
	language = {fr-FR},
	urldate = {2022-02-07},
	journal = {ANSSI},
}

@misc{afnor_norme_nodate,
	title = {Norme française {X} 60-500 : terminologie relative à la fiabilité-maintenabilité-disponibilité, {AFNOR}, octobre 1988.},
	author = {AFNOR},
}

@inproceedings{garcia2010intelligent,
  title={An intelligent agent-based distributed architecture for Smart-Grid integrated network management},
  author={Garc{\'\i}a, Alvaro Paricio and Oliver, Juan and Gosch, David},
  booktitle={IEEE Local Computer Network Conference},
  pages={1013--1018},
  year={2010},
  organization={IEEE}
}

@article{mcarthur2007multi,
  title={Multi-agent systems for power engineering applications—Part I: Concepts, approaches, and technical challenges},
  author={McArthur, Stephen DJ and Davidson, Euan M and Catterson, Victoria M and Dimeas, Aris L and Hatziargyriou, Nikos D and Ponci, Ferdinanda and Funabashi, Toshihisa},
  journal={IEEE Transactions on Power systems},
  volume={22},
  number={4},
  pages={1743--1752},
  year={2007},
  publisher={IEEE}
}

@misc{1400-1700_isoiec_nodate,
	title = {{ISO}/{IEC} 25010:2011},
	shorttitle = {{ISO}/{IEC} 25010},
	url = {https://www.iso.org/cms/render/live/en/sites/isoorg/contents/data/standard/03/57/35733.html},
	abstract = {Systems and software engineering — Systems and software Quality Requirements and Evaluation (SQuaRE) — System and software quality models},
	language = {en},
	urldate = {2022-02-07},
	journal = {ISO},
	author = {{14:00-17:00}},
}

@article{dorri2018multi,
  title={Multi-agent systems: A survey},
  author={Dorri, Ali and Kanhere, Salil S and Jurdak, Raja},
  journal={Ieee Access},
  volume={6},
  pages={28573--28593},
  year={2018},
  publisher={IEEE}
}

@phdthesis{gueriau2016systemes,
  title={Syst{\`e}mes multi-agents, auto-organisation et contr{\^o}le par apprentissage constructiviste pour la mod{\'e}lisation et la r{\'e}gulation dans les syst{\`e}mes coop{\'e}ratifs de trafic},
  author={Gu{\'e}riau, Maxime},
  year={2016},
  school={Universit{\'e} de Lyon I Claude Bernard}
}

@misc{nocetti2018darkening,
  title={The darkening web: the war for cyberspace; The virtual weapon and international order},
  author={Nocetti, Julien},
  year={2018},
  publisher={Oxford University Press}
}



@inproceedings{gotel_analysis_1994,
	title = {Analysis of the requirements traceability problem},
	doi = {10.1109/icre.1994.292398},
	abstract = {In this paper, we investigate and discuss the underlying nature of the requirements traceability problem. Our work is based on empirical studies, involving over 100 practitioners, and an evaluation of current support. We introduce the distinction between pre-requirements specification (pre-RS) traceability and post-requirements specification (post-RS) traceability, to demonstrate why an all-encompassing solution to the problem is unlikely, and to provide a framework through which to understand its multifaceted nature. We report how the majority of the problems attributed to poor requirements traceability are due to inadequate pre-RS traceability and show the fundamental need for improvements here. In the remainder of the paper, we present an analysis of the main barriers confronting such improvements in practice, identify relevant areas in which advances have been (or can be) made, and make recommendations for research.},
	booktitle = {Proceedings of the {International} {Conference} on {Requirements} {Engineering}},
	author = {Gotel, Orlena C. Z. and Finkelstein, Anthony C. W.},
	year = {1994},
}

@inproceedings{corkillcollaborating,
  title={Collaborating Software: Blackboard and Multiagent Systems and the Future, 2003},
  author={Corkill, Daniel D},
  booktitle={Proceedings of the International Lisp Conference}
}

@inproceedings{odell2002modeling,
  title={Modeling agents and their environment},
  author={Odell, James J and Parunak, H and Fleischer, Mitch and Brueckner, Sven},
  booktitle={International Workshop on Agent-Oriented Software Engineering},
  pages={16--31},
  year={2002},
  organization={Springer}
}

@misc{noauthor_aica_2021,
	title = {{AICA} {IWG}},
	url = {https://www.aica-iwg.org/},
	journal = {AICA IWG},
	year = {2021},
}

@misc{theron_autonomous_2021,
	title = {{Autonomous} {Intelligent} {Cyber} {Defence} {Agent} {Prototype} 2021 - {Project} {Report}},
	abstract = {This document provides a description of a technical  implementation of the MASCARA architecture of  AICAs and of a use case and demonstration  environment designed to be deployed on NATO ACT’s VISTA demonstration platform.},
	author = {Theron, Paul and Evans, Nate and Drasar, Martin and Guarino, Alesandro},
	month = dec,
	year = {2021},
}

@misc{noauthor_interaction_nodate,
	title = {{INTERACTION} : {Définition} de {INTERACTION}},
	url = {https://www.cnrtl.fr/definition/interaction},
	urldate = {2022-05-03},
}

@inproceedings{demazeau1995interactions,
  title={From interactions to collective behaviour in agent-based systems},
  author={Demazeau, Yves},
  booktitle={In: Proceedings of the 1st. European Conference on Cognitive Science. Saint-Malo},
  year={1995},
  organization={Citeseer}
}

@article{di2005self,
  title={Self-organization in multi-agent systems},
  author={Di Marzo Serugendo, Giovanna and Gleizes, Marie-Pierre and Karageorgos, Anthony},
  journal={Knowledge Engineering Review},
  volume={20},
  number={2},
  pages={165--189},
  year={2005}
}

@book{keyser2018information,
  title={The Information Governance Toolkit: Data Protection, Caldicott, Confidentiality},
  author={Keyser, Tobias and Dainty, Christine},
  year={2018},
  publisher={CRC Press}
}

@article{austin1962general,
  title={General theory of pseudopotentials},
  author={Austin, Bo J and Heine, V and Sham, LJ},
  journal={Physical Review},
  volume={127},
  number={1},
  pages={276},
  year={1962},
  publisher={APS}
}

@inproceedings{wolf2004emergence,
  title={Emergence versus self-organisation: Different concepts but promising when combined},
  author={Wolf, Tom De and Holvoet, Tom},
  booktitle={International workshop on engineering self-organising applications},
  pages={1--15},
  year={2004},
  organization={Springer}
}

@article{horling2004survey,
  title={A survey of multi-agent organizational paradigms},
  author={Horling, Bryan and Lesser, Victor},
  journal={The Knowledge engineering review},
  volume={19},
  number={4},
  pages={281--316},
  year={2004},
  publisher={Cambridge University Press}
}

@article{salvador2019multi,
  title={Multi-agent system architectures for collaborative prognostics},
  author={Salvador Palau, Adri{\`a} and Dhada, Maharshi Harshadbhai and Parlikad, Ajith Kumar},
  journal={Journal of Intelligent Manufacturing},
  volume={30},
  number={8},
  pages={2999--3013},
  year={2019},
  publisher={Springer}
}

@article{stevens2018global,
  title={Global cybersecurity: New directions in theory and methods},
  author={Stevens, Tim},
  journal={Politics and Governance},
  volume={6},
  number={2},
  pages={1--4},
  year={2018}
}

@misc{nato_cyber_nodate,
	title = {Cyber defence},
	url = {https://www.nato.int/cps/en/natohq/topics_78170.htm},
	abstract = {Cyber threats to the security of the Alliance are complex, destructive and coercive, and are becoming ever more frequent. NATO will continue to adapt to the evolving cyber threat landscape. NATO and its Allies rely on strong and resilient cyber defences to fulfil the Alliance’s core tasks of collective defence, crisis management and cooperative security. The Alliance needs to be prepared to defend its networks and operations against the growing sophistication of the cyber threats it faces.},
	language = {en},
	urldate = {2022-09-22},
	journal = {NATO},
	author = {NATO},
	keywords = {notion},
}

@misc{jamont2015meeting,
  title={Meeting the challenges of decentralised embedded applications using multi-agent systems. Int. Journal of Agent-Oriented Software Engineering 5 (1), 22--68},
  author={Jamont, J.-P. and Occello, M},
  year={2015}
}

@misc{boissier2004caracteristiques,
  title={Caract{\'e}ristiques des syst{\`e}mes et des applications},
  author={Boissier, Olivier and Gitton, Sylvain and Glize, Pierre},
  year={2004},
  publisher={Diffusion Editions TEC \& DOC}
}

@incollection{bjorck2015cyber,
  title={Cyber resilience--fundamentals for a definition},
  author={Bj{\"o}rck, Fredrik and Henkel, Martin and Stirna, Janis and Zdravkovic, Jelena},
  booktitle={New contributions in information systems and technologies},
  pages={311--316},
  year={2015},
  publisher={Springer}
}