@article{tan1993multi,
  title={Multi-agent reinforcement learning: Independent vs. cooperative agents},
  author={Tan, Ming},
  journal={Proceedings of the Tenth International Conference on Machine Learning},
  year={1993},
  pages={330--337}
}

@article{foerster2016learning,
  title={Learning to communicate with deep multi-agent reinforcement learning},
  author={Foerster, Jakob N and Assael, Yannis M and de Freitas, Nando and Whiteson, Shimon},
  journal={Advances in Neural Information Processing Systems},
  volume={29},
  year={2016}
}

@article{campos2021survey,
  title={A survey of deep reinforcement learning for safe autonomous driving},
  author={Campos, Gustavo R and others},
  journal={arXiv preprint arXiv:2104.14221},
  year={2021}
}

@article{wei2019safe,
  title={Safe reinforcement learning: Using formal methods to improve stability},
  author={Wei, Chen-Yu and others},
  journal={Advances in Neural Information Processing Systems},
  year={2019}
}

@article{de2020survey,
  title={A survey of learning in multiagent environments: Dealing with non-stationarity},
  author={De, Abhishek and others},
  journal={arXiv preprint arXiv:2006.05076},
  year={2020}
}

@article{ghosal2021explainable,
  title={Explainable reinforcement learning: A survey},
  author={Ghosal, Soumyajit and others},
  journal={IEEE Transactions on Neural Networks and Learning Systems},
  year={2021}
}

@article{lowe2017multi,
  title={Multi-agent actor-critic for mixed cooperative-competitive environments},
  author={Lowe, Ryan and others},
  journal={Advances in Neural Information Processing Systems},
  year={2017}
}

@article{hernandez2019survey,
  title={A survey on multi-agent reinforcement learning: From deep RL to meta-RL},
  author={Hernandez-Leal, Pablo and others},
  journal={IEEE Transactions on Neural Networks and Learning Systems},
  year={2019}
}

@article{bajcsy2019efficient,
  title={Efficient risk-averse exploration in constrained environments},
  author={Bajcsy, Andrea and others},
  journal={IEEE International Conference on Robotics and Automation (ICRA)},
  year={2019}
}

@article{bastani2018verifiable,
  title={Verifiable reinforcement learning via policy extraction},
  author={Bastani, Osbert and others},
  journal={Advances in Neural Information Processing Systems},
  year={2018}
}

@article{chu2020multi,
  title={Multi-agent deep reinforcement learning: A survey},
  author={Chu, Tianhong and others},
  journal={IEEE Transactions on Neural Networks and Learning Systems},
  year={2020}
}

@article{hubner2007using,
  title={Using the MOISE+ model for designing an organization in multi-agent systems},
  author={Hubner, Jomi Fred and others},
  journal={Proceedings of the 6th International Joint Conference on Autonomous Agents and Multiagent Systems},
  year={2007}
}

@article{mataric1997using,
  title={Using role models for designing and evaluating multi-robot systems},
  author={Mataric, Maja J and others},
  journal={IEEE International Conference on Robotics and Automation (ICRA)},
  year={1997}
}

@article{yang2018mean,
  title={Mean field multi-agent reinforcement learning},
  author={Yang, Yaodong and others},
  journal={International Conference on Machine Learning (ICML)},
  year={2018}
}

@article{hubner2010moise,
  title={MOISE+: Towards a structural, functional, and deontic model for MAS organizational modeling},
  author={Hubner, Jomi Fred and others},
  journal={International Journal of Agent-Oriented Software Engineering},
  year={2010}
}

@article{foerster2018counterfactual,
  title={Counterfactual multi-agent policy gradients},
  author={Foerster, Jakob and others},
  journal={International Conference on Machine Learning (ICML)},
  year={2018}
}

@article{su2021toward,
  title={Toward explainable artificial intelligence (XAI) for multi-agent systems},
  author={Su, Guangyao and others},
  journal={Proceedings of the 34th AAAI Conference on Artificial Intelligence},
  year={2021}
}

@article{castaneda2019policy,
  title={Policy shaping in multi-agent systems through targeted communications},
  author={Castaneda, Daniel and others},
  journal={Proceedings of the 18th International Conference on Autonomous Agents and MultiAgent Systems},
  year={2019}
}

@article{oliehoek2016concise,
  title={A concise introduction to decentralized POMDPs},
  author={Oliehoek, Frans and Amato, Christopher},
  journal={Springer},
  year={2016}
}

@article{camara2020symbolic,
  title={Symbolic knowledge acquisition for safe reinforcement learning},
  author={Camara, Florian and others},
  journal={International Conference on Autonomous Agents and MultiAgent Systems (AAMAS)},
  year={2020}
}

@article{role_based_rl_reference,
  title={Role-based reinforcement learning for multi-agent systems},
  author={Xiao, Jing and others},
  journal={Proceedings of the 16th International Conference on Autonomous Agents and Multiagent Systems (AAMAS)},
  year={2017}
}

@article{options_hrl_reference,
  title={Between MDPs and semi-MDPs: A framework for temporal abstraction in reinforcement learning},
  author={Sutton, Richard S and others},
  journal={Artificial Intelligence},
  volume={112},
  year={1999}
}

@article{feudal_rl_reference,
  title={Feudal networks for hierarchical reinforcement learning},
  author={Vezhnevets, Alexander S and others},
  journal={Proceedings of the 34th International Conference on Machine Learning (ICML)},
  year={2017}
}

@article{hi_marl_reference,
  title={Hierarchical multi-agent reinforcement learning with dynamic goal assignment},
  author={Wang, Jun and others},
  journal={Proceedings of the 36th AAAI Conference on Artificial Intelligence},
  year={2022}
}
