@article{gleize2008moise,
  title={A formal framework for multi-agent systems: MOISE+},
  author={Gleizes, Marie-Pierre and Morvan, Gauthier and Picard, Gauthier},
  journal={International Journal of Autonomous Agents and Multi-Agent Systems},
  volume={16},
  number={3},
  pages={225-267},
  year={2008},
  publisher={Springer}
}

@inproceedings{lowe2017multi,
  title={Multi-agent actor-critic for mixed cooperative-competitive environments},
  author={Lowe, Ryan and Wu, Yi and Tamar, Aviv and Harb, Jean and Abbeel, Pieter and Mordatch, Igor},
  booktitle={Advances in neural information processing systems},
  pages={6379--6390},
  year={2017}
}

@inproceedings{rashid2018qmix,
  title={QMIX: Monotonic value function factorisation for deep multi-agent reinforcement learning},
  author={Rashid, Tabish and Samvelyan, Mikayel and de Witt, Christian Schroeder and Farquhar, Gregory and Foerster, Jakob and Whiteson, Shimon},
  booktitle={International conference on machine learning},
  pages={4295--4304},
  year={2018},
  organization={PMLR}
}

@inproceedings{winikoff2021agile,
  title={Agile methodologies for agent-oriented software engineering},
  author={Winikoff, Michael and Padgham, Lin and Dastani, Mehdi and Ricci, Alessandro},
  booktitle={International Workshop on Engineering Multi-Agent Systems},
  pages={1--17},
  year={2021},
  organization={Springer}
}

@article{winikoff2023bdd,
  title={Behavior-driven development for multi-agent systems},
  author={Winikoff, Michael and Padgham, Lin},
  journal={Journal of Autonomous Agents and Multi-Agent Systems},
  volume={37},
  pages={102-121},
  year={2023},
  publisher={Springer}
}

@inproceedings{amigoni2008multi,
  title={Multi-agent systems in real world environments},
  author={Amigoni, Francesco and Gatti, Nicola and Vimercati, Stefania},
  booktitle={AAMAS '08: Proceedings of the 7th International Conference on Autonomous Agents and Multi-Agent Systems},
  pages={391--398},
  year={2008},
  organization={International Foundation for Autonomous Agents and Multiagent Systems}
}

@inproceedings{winikoff2021multi,
  title={Designing safe and explainable MAS using organizational models},
  author={Winikoff, Michael and Dastani, Mehdi and Ricci, Alessandro},
  booktitle={AAMAS '21: Proceedings of the 20th International Conference on Autonomous Agents and Multi-Agent Systems},
  pages={1621--1627},
  year={2021},
  organization={International Foundation for Autonomous Agents and Multiagent Systems}
}

@article{hernandez2019survey,
  title={A survey on multi-agent reinforcement learning: Foundations and applications},
  author={Hernandez-Leal, Pablo and Kartal, Bilal and Taylor, Matthew E.},
  journal={Knowledge and Information Systems},
  volume={62},
  number={3},
  pages={1723--1772},
  year={2019},
  publisher={Springer}
}

@article{stone2020multiagent,
  title={Multi-agent learning is a many-faceted challenge: A survey},
  author={Stone, Peter and Veloso, Manuela},
  journal={Artificial Intelligence},
  volume={282},
  pages={103--127},
  year={2020},
  publisher={Elsevier}
}
