@inproceedings{soule2024journal,
  author       = {Julien Soul{\'{e}} and
                  Jean{-}Paul Jamont and
                  Michel Occello and
                  Louis{-}Marie Traonouez and
                  Paul Th{\'{e}}ron},
  title        = {An Assisted-Engineering Method for Developing Cyberdefense Multi-Agent Systems},
  booktitle    = {Artificial Intelligence Applications and Innovations - 20th {IFIP}
                  {WG} 12.5 International Conference, {AIAI} 2024, Corfu, Greece, June
                  27-30, 2024, Proceedings, Part {IV}},
  series       = {{IFIP} Advances in Information and Communication Technology},
  volume       = {714},
  pages        = {321--334},
  publisher    = {Springer},
  year         = {2024},
  url          = {https://doi.org/10.1007/978-3-031-63223-5\_24},
  doi          = {10.1007/978-3-031-63223-5\_24},
  timestamp    = {Mon, 24 Jun 2024 17:02:56 +0200},
  keywords = {journal}
}

@inproceedings{soule2024marl,
  author       = {Julien Soul{\'{e}} and
                  Jean{-}Paul Jamont and
                  Michel Occello and
                  Louis{-}Marie Traonouez and
                  Paul Th{\'{e}}ron},
  editor       = {Ilias Maglogiannis and
                  Lazaros S. Iliadis and
                  John MacIntyre and
                  Markos Avlonitis and
                  Antonios Papaleonidas},
  title        = {A MARL-Based Approach for Easing {SMA} Organization Engineering},
  booktitle    = {Artificial Intelligence Applications and Innovations - 20th {IFIP}
                  {WG} 12.5 International Conference, {AIAI} 2024, Corfu, Greece, June
                  27-30, 2024, Proceedings, Part {IV}},
  series       = {{IFIP} Advances in Information and Communication Technology},
  volume       = {714},
  pages        = {321--334},
  publisher    = {Springer},
  year         = {2024},
  url          = {https://doi.org/10.1007/978-3-031-63223-5\_24},
  doi          = {10.1007/978-3-031-63223-5\_24},
  timestamp    = {Mon, 24 Jun 2024 17:02:56 +0200},
  biburl       = {https://dblp.org/rec/conf/ifip12/SouleJOTT24.bib},
  bibsource    = {dblp computer science bibliography, https://dblp.org},
  keywords = {international}
}

@inproceedings{soulej2023sim,
  author       = {Julien Soul{\'{e}} and
                  Jean{-}Paul Jamont and
                  Michel Occello and
                  Paul Th{\'{e}}ron and
                  Louis{-}Marie Traonouez},
  title        = {Towards a Multi-Agent Simulation of Cyber-attackers and Cyber-defenders
                  Battles},
  booktitle    = {{IEEE} International Conference on Systems, Man, and Cybernetics,
                  {SMC} 2023, Honolulu, Oahu, HI, USA, October 1-4, 2023},
  pages        = {3594--3599},
  publisher    = {{IEEE}},
  year         = {2023},
  url          = {https://doi.org/10.1109/SMC53992.2023.10394564},
  doi          = {10.1109/SMC53992.2023.10394564},
  timestamp    = {Tue, 07 May 2024 20:03:57 +0200},
  biburl       = {https://dblp.org/rec/conf/smc/SouleJOTT23.bib},
  bibsource    = {dblp computer science bibliography, https://dblp.org},
  keywords = {international}
}


@article{soule2023rjciathese,
  title={De l’organisation des syst{\`e}mes multi-agents de cyber-defense},
  author={Soul{\'e}, Julien and Jamont, Jean-Paul and Occello, Michel and Th{\'e}ron, Paul and Traonouez, Louis-Marie and IWG, AICA and La Guillermie, France},
  journal={RJCIA},
  pages={96},
  year={2023},
  keywords = {national}
}

@inproceedings{soule2023ressithese,
  TITLE = {{De l'Organisation d'un Système Multi-Agent de Cyberdéfense}},
  AUTHOR = {Soul{\'e}, Julien and Jamont, Jean-Paul and Occello, Michel and Th{\'e}ron, Paul and Traonouez, Louis-Marie},
  URL = {https://ressi2022.sciencesconf.org/},
  BOOKTITLE = {{Rendez-Vous de la Recherche et de l'Enseignement de la S{\'e}curit{\'e} des Syst{\`e}mes d'Information (RESSI 2023)}},
  ADDRESS = {Valence, France},
  YEAR = {2023},
  MONTH = May,
  keywords = {national}
}

@inproceedings{soule2023jfsmathese,
  TITLE = {{De l'Organisation d'un Système Multi-Agent de Cyberdéfense}},
  AUTHOR = {Soul{\'e}, Julien and Jamont, Jean-Paul and Occello, Michel and Th{\'e}ron, Paul and Traonouez, Louis-Marie},
  URL = {https://hal.science/hal-04165020/},
  BOOKTITLE = {{32ème Journ{\'e}es Francophones sur les Syst{\`e}mes Multi-Agents (JFSMA'23)}},
  ADDRESS = {Valence, France},
  YEAR = {2023},
  pages={54--54},
  keywords = {national}
}

@inproceedings{soule2024approche,
  TITLE = {{Une Approche basée sur l'Apprentissage par Renforcement pour l'Ingénierie Organisationelle d'un SMA}},
  AUTHOR = {Soul{\'e}, Julien and Jamont, Jean-Paul and Occello, Michel and Th{\'e}ron, Paul and Traonouez, Louis-Marie},
  URL = {https://ressi2022.sciencesconf.org/},
  BOOKTITLE = {{33ème Journ{\'e}es Francophones sur les Syst{\`e}mes Multi-Agents (JFSMA'24)}},
  ADDRESS = {Valence, France},
  YEAR = {2024},
  pages={54--54},
  keywords = {national}
}

@inproceedings{soule2024outil,
  TITLE = {{Un Outil pour la Conception de SMA par Apprentissage par Renforcement et Modélisation Organisationnelle}},
  AUTHOR = {Soul{\'e}, Julien and Jamont, Jean-Paul and Occello, Michel and Th{\'e}ron, Paul and Traonouez, Louis-Marie},
  URL = {https://ressi2022.sciencesconf.org/},
  BOOKTITLE = {{33ème Journ{\'e}es Francophones sur les Syst{\`e}mes Multi-Agents (JFSMA'24)}},
  ADDRESS = {Valence, France},
  YEAR = {2024},
  pages={54--54},
  keywords = {national}
}
