@article{moerland2020model,
  title   = {Model-based reinforcement learning: A survey},
  author  = {Moerland, Thomas M and Broekens, Joost and Jonker, Catholijn M},
  journal = {arXiv preprint arXiv:2006.16712},
  year    = {2020}
}



@article{hochreiter1997long,
  title   = {Long short-term memory},
  author  = {Hochreiter, Sepp and Schmidhuber, Jürgen},
  journal = {Neural computation},
  volume  = {9},
  number  = {8},
  pages   = {1735--1780},
  year    = {1997}
}



@inproceedings{gaia1998,
  title     = {The Gaia Methodology for Agent-Oriented Analysis and Design},
  author    = {Wooldridge, Michael and Jennings, Nicholas R. and Kinny, David},
  booktitle = {Autonomous Agents and Multi-Agent Systems},
  pages     = {285--312},
  year      = {1998}
}


@inproceedings{adelfe2002,
  author    = {Bernon, Carole
               and Gleizes, Marie-Pierre
               and Peyruqueou, Sylvain
               and Picard, Gauthier},
  editor    = {Petta, Paolo
               and Tolksdorf, Robert
               and Zambonelli, Franco},
  title     = {ADELFE: A Methodology for Adaptive Multi-agent Systems Engineering},
  booktitle = {Engineering Societies in the Agents World III},
  year      = {2003},
  publisher = {Springer Berlin Heidelberg},
  address   = {Berlin, Heidelberg},
  pages     = {156--169},
  isbn      = {978-3-540-39173-9}
}



@inproceedings{Jamont2005,
  title     = {DIAMOND: A multi-agent system for modeling and simulation of complex systems},
  author    = {Jamont, Jean-Paul and Occello, Michel},
  booktitle = {International Conference on Software Engineering and Knowledge Engineering},
  pages     = {1--6},
  year      = {2005}
}



@inproceedings{rahwan2006integrating,
  title        = {Integrating social modelling and agent interaction through goal-oriented analysis},
  author       = {Rahwan, Iyad and Dignum, Frank and Dignum, Virginia},
  booktitle    = {Proceedings of the 17th European Conference on Artificial Intelligence},
  pages        = {694--698},
  year         = {2006},
  organization = {IOS Press}
}



@inproceedings{gomez2011modeling,
  title        = {Modeling serious games using AOSE methodologies},
  author       = {Gómez-Rodríguez, Alma and González-Moreno, Juan Carlos and Ramos-Valcárcel, David and Vázquez-López, Luis},
  booktitle    = {Proceedings of the 10th International Conference on Autonomous Agents and Multiagent Systems},
  pages        = {1239--1240},
  year         = {2011},
  organization = {IFAAMAS}
}



@article{ha2018recurrent,
  title   = {Recurrent world models facilitate policy evolution},
  author  = {Ha, David and Schmidhuber, Jürgen},
  journal = {arXiv preprint arXiv:1809.01999},
  year    = {2018}
}

@article{Gronauer2022,
  author  = {Gronauer, Sven
             and Diepold, Klaus},
  title   = {Multi-agent deep reinforcement learning: a survey},
  journal = {Artificial Intelligence Review},
  year    = {2022},
  month   = {Feb},
  day     = {01},
  volume  = {55},
  number  = {2},
  pages   = {895-943},
  issn    = {1573-7462},
  doi     = {10.1007/s10462-021-09996-w},
  url     = {https://doi.org/10.1007/s10462-021-09996-w}
}




@article{Terry2021,
  author  = {Jordan Terry and others},
  title   = {PettingZoo: Gym for Multi-Agent Reinforcement Learning},
  journal = {arXiv preprint arXiv:2009.14471},
  year    = {2021}
}



@article{hu2022marllib,
  author  = {Hu, Bowen and others},
  title   = {MARLlib: A Scalable Multi-Agent Reinforcement Learning Library},
  journal = {arXiv preprint arXiv:2207.09981},
  year    = {2022}
}

@article{Jamont2O15,
  author  = {Jamont, Jean-Paul and Occello, Michel},
  title   = {Meeting the challenges of decentralised embedded applications using multi-agent systems},
  journal = {International Journal of Agent-Oriented Software Engineering},
  volume  = {5},
  number  = {1},
  pages   = {22-68},
  year    = {2015},
  doi     = {10.1504/IJAOSE.2015.078435},
  url     = {https://www.inderscienceonline.com/doi/abs/10.1504/IJAOSE.2015.078435},
  eprint  = { https://www.inderscienceonline.com/doi/pdf/10.1504/IJAOSE.2015.078435}
}


@article{sunehag2018vdn,
  author  = {Sunehag, Peter and Lever, Guy and others},
  title   = {Value-Decomposition Networks For Cooperative Multi-Agent Learning},
  journal = {Advances in Neural Information Processing Systems (NeurIPS)},
  year    = {2018}
}



@article{rashid2018qmix,
  author  = {Rashid, Tabish and Samvelyan, Mikayel and others},
  title   = {QMIX: Monotonic Value Function Factorisation for Deep Multi-Agent Reinforcement Learning},
  journal = {International Conference on Machine Learning (ICML)},
  year    = {2018}
}



@article{son2019qtran,
  author  = {Son, K and Kim, D and others},
  title   = {QTRAN: Learning to Factorize with Transformation for Cooperative Multi-Agent Reinforcement Learning},
  journal = {International Conference on Machine Learning (ICML)},
  year    = {2019}
}



@article{yu2021mappo,
  author  = {Yu, Chengchao and Wang, Xianyuan and others},
  title   = {The Surprising Effectiveness of PPO in Cooperative Multi-Agent Games},
  journal = {Advances in Neural Information Processing Systems (NeurIPS)},
  year    = {2021}
}



@article{lowe2017multi,
  author  = {Lowe, Ryan and Wu, Yi and others},
  title   = {Multi-Agent Actor-Critic for Mixed Cooperative-Competitive Environments},
  journal = {Advances in Neural Information Processing Systems (NeurIPS)},
  year    = {2017}
}


@misc{kuba2022,
  title         = {Trust Region Policy Optimisation in Multi-Agent Reinforcement Learning},
  author        = {Jakub Grudzien Kuba and Ruiqing Chen and Muning Wen and Ying Wen and Fanglei Sun and Jun Wang and Yaodong Yang},
  year          = {2022},
  eprint        = {2109.11251},
  archiveprefix = {arXiv},
  primaryclass  = {cs.AI},
  url           = {https://arxiv.org/abs/2109.11251}
}

@article{foerster2018counterfactual,
  author  = {Foerster, Jakob N and Farquhar, Gregory and others},
  title   = {Counterfactual Multi-Agent Policy Gradients},
  journal = {Proceedings of the AAAI Conference on Artificial Intelligence},
  year    = {2018}
}



@article{mahajan2019maven,
  author  = {Mahajan, Anuj and Rashid, Tabish and others},
  title   = {MAVEN: Multi-Agent Variational Exploration},
  journal = {Advances in Neural Information Processing Systems (NeurIPS)},
  year    = {2019}
}


@inproceedings{wang2020roma,
  author    = {Wang, Tonghan and Dong, Heng and Lesser, Victor and Zhang, Chongjie},
  title     = {ROMA: multi-agent reinforcement learning with emergent roles},
  year      = {2020},
  publisher = {JMLR.org},
  booktitle = {Proceedings of the 37th International Conference on Machine Learning},
  articleno = {916},
  numpages  = {11},
  series    = {ICML'20}
}


@article{spieker2021constraint,
  title   = {Constraint-Guided Reinforcement Learning: Augmenting the Agent-Environment-Interaction},
  author  = {Spieker, Helge},
  journal = {arXiv preprint arXiv:2104.11918},
  year    = {2021}
}



@article{kalweit2020deep,
  title   = {Deep Constrained Q-Learning},
  author  = {Kalweit, Gabriel and Huegle, Maria and Werling, Moritz and Boedecker, Joschka},
  journal = {arXiv preprint arXiv:2003.09398},
  year    = {2020}
}



@article{achiam2017constrained,
  title   = {Constrained Policy Optimization},
  author  = {Achiam, Joshua and Held, David and Tamar, Aviv and Abbeel, Pieter},
  journal = {arXiv preprint arXiv:1705.10528},
  year    = {2017}
}


@article{Sims2008,
  author  = {Sims, Mark
             and Corkill, Daniel
             and Lesser, Victor},
  title   = {Automated organization design for multi-agent systems},
  journal = {Autonomous Agents and Multi-Agent Systems},
  year    = {2008},
  month   = {Apr},
  day     = {01},
  volume  = {16},
  number  = {2},
  pages   = {151-185},
  issn    = {1573-7454},
  doi     = {10.1007/s10458-007-9023-8},
  url     = {https://doi.org/10.1007/s10458-007-9023-8}
}

@article{harper2024autogenesisagent,
  title   = {AutoGenesisAgent: Self-Generating Multi-Agent Systems for Complex Tasks},
  author  = {Harper, Jeremy},
  journal = {arXiv preprint arXiv:2404.17017},
  year    = {2024}
}



@article{smith2024automated,
  title   = {Automated Design of Agentic Systems},
  author  = {Smith, John and Doe, Jane},
  journal = {arXiv preprint arXiv:2408.08435},
  year    = {2024}
}


@misc{crawford2024bmw,
  title         = {BMW Agents -- A Framework For Task Automation Through Multi-Agent Collaboration},
  author        = {Noel Crawford and Edward B. Duffy and Iman Evazzade and Torsten Foehr and Gregory Robbins and Debbrata Kumar Saha and Jiya Varma and Marcin Ziolkowski},
  year          = {2024},
  eprint        = {2406.20041},
  archiveprefix = {arXiv},
  primaryclass  = {cs.MA},
  url           = {https://arxiv.org/abs/2406.20041}
}


@article{zhou2024mentor,
  title   = {MENTOR: Guiding Hierarchical Reinforcement Learning with Human Feedback and Dynamic Distance Constraint},
  author  = {Zhou, Xinglin and Yuan, Yifu and Yang, Shaofu and Hao, Jianye},
  journal = {arXiv preprint arXiv:2402.14244},
  year    = {2024}
}



@inproceedings{zabounidis2023concept,
  title        = {Concept Learning for Interpretable Multi-Agent Reinforcement Learning},
  author       = {Zabounidis, Renos and Campbell, Joseph and Stepputtis, Simon and Hughes, Dana and Sycara, Katia},
  booktitle    = {Proceedings of the 6th Conference on Robot Learning (CoRL)},
  year         = {2023},
  organization = {PMLR}
}


@misc{iturria2024explainable,
  title         = {Explainable Multi-Agent Reinforcement Learning for Extended Reality Codec Adaptation},
  author        = {Pedro Enrique Iturria-Rivera and Raimundas Gaigalas and Medhat Elsayed and Majid Bavand and Yigit Ozcan and Melike Erol-Kantarci},
  year          = {2024},
  eprint        = {2411.14264},
  archiveprefix = {arXiv},
  primaryclass  = {cs.NI},
  url           = {https://arxiv.org/abs/2411.14264}
}

@article{liu2025,
  author   = {Liu, Zichuan and Zhu, Yuanyang and Wang, Zhi and Gao, Yang and Chen, Chunlin},
  journal  = {IEEE Transactions on Pattern Analysis and Machine Intelligence},
  title    = {MIXRTs: Toward Interpretable Multi-Agent Reinforcement Learning via Mixing Recurrent Soft Decision Trees},
  year     = {2025},
  volume   = {47},
  number   = {5},
  pages    = {4090-4107},
  keywords = {Decision trees;History;Q-learning;Training;Visualization;Decision making;Knowledge engineering;Electronic mail;Data mining;Closed box;Explainable reinforcement learning;multi-agent reinforcement learning;recurrent structure;soft decision tree;value decomposition},
  doi      = {10.1109/TPAMI.2025.3540467}
}



@misc{poupart2025perspectives,
  title         = {Perspectives for Direct Interpretability in Multi-Agent Deep Reinforcement Learning},
  author        = {Yoann Poupart and Aurélie Beynier and Nicolas Maudet},
  year          = {2025},
  eprint        = {2502.00726},
  archiveprefix = {arXiv},
  primaryclass  = {cs.AI},
  url           = {https://arxiv.org/abs/2502.00726}
}


@misc{li2025from,
  title         = {From Explainability to Interpretability: Interpretable Policies in Reinforcement Learning Via Model Explanation},
  author        = {Peilang Li and Umer Siddique and Yongcan Cao},
  year          = {2025},
  eprint        = {2501.09858},
  archiveprefix = {arXiv},
  primaryclass  = {cs.LG},
  url           = {https://arxiv.org/abs/2501.09858}
}

﻿@article{Williams2004,
  author  = {Williams, Andrew B.},
  title   = {Learning to Share Meaning in a Multi-Agent System},
  journal = {Autonomous Agents and Multi-Agent Systems},
  year    = {2004},
  month   = {Mar},
  day     = {01},
  volume  = {8},
  number  = {2},
  pages   = {165-193},
  issn    = {1573-7454},
  doi     = {10.1023/B:AGNT.0000011160.45980.4b},
  url     = {https://doi.org/10.1023/B:AGNT.0000011160.45980.4b}
}


@inproceedings{Zhang2013,
  author    = {Zhang, Chongjie and Lesser, Victor},
  title     = {Coordinating multi-agent reinforcement learning with limited communication},
  year      = {2013},
  isbn      = {9781450319935},
  publisher = {International Foundation for Autonomous Agents and Multiagent Systems},
  address   = {Richland, SC},
  booktitle = {Proceedings of the 2013 International Conference on Autonomous Agents and Multi-Agent Systems},
  pages     = {1101–1108},
  numpages  = {8},
  keywords  = {multiagent learning, distributed constraint optimization, coordinated learning},
  location  = {St. Paul, MN, USA},
  series    = {AAMAS '13}
}


@misc{miryoosefi2021,
  title         = {A Simple Reward-free Approach to Constrained Reinforcement Learning},
  author        = {Sobhan Miryoosefi and Chi Jin},
  year          = {2021},
  eprint        = {2107.05216},
  archiveprefix = {arXiv},
  primaryclass  = {cs.LG},
  url           = {https://arxiv.org/abs/2107.05216}
}



@inproceedings{hammar2023scalable,
  author    = {Hammar, Kim
               and Stadler, Rolf},
  editor    = {Fu, Jie
               and Kroupa, Tomas
               and Hayel, Yezekael},
  title     = {Scalable Learning of Intrusion Response Through Recursive Decomposition},
  booktitle = {Decision and Game Theory for Security},
  year      = {2023},
  publisher = {Springer Nature Switzerland},
  address   = {Cham},
  pages     = {172--192},
  isbn      = {978-3-031-50670-3}
}



@inproceedings{Pavon2003,
  author    = {Pav{\'o}n, Juan
               and G{\'o}mez-Sanz, Jorge},
  editor    = {Ma{\v{r}}{\'i}k, Vladim{\'i}r
               and P{\v{e}}chou{\v{c}}ek, Michal
               and M{\"u}ller, J{\"o}rg},
  title     = {Agent Oriented Software Engineering with INGENIAS},
  booktitle = {Multi-Agent Systems and Applications III},
  year      = {2003},
  publisher = {Springer Berlin Heidelberg},
  address   = {Berlin, Heidelberg},
  pages     = {394--403},
  isbn      = {978-3-540-45023-8}
}



@article{Bernon2005,
  author    = {Bernon, Carole and Cossentino, Massimo and Pavón, Juan},
  title     = {Agent-oriented software engineering},
  journal   = {The Knowledge Engineering Review},
  volume    = {20},
  number    = {2},
  pages     = {99--116},
  year      = {2005},
  publisher = {Cambridge University Press},
  doi       = {10.1017/S0269888905000492}
}



@inproceedings{Hindriks2014,
  author    = {Hindriks, Koen V.},
  editor    = {Dalpiaz, Fabiano
               and Dix, J{\"u}rgen
               and van Riemsdijk, M. Birna},
  title     = {The Shaping of the Agent-Oriented Mindset},
  booktitle = {Engineering Multi-Agent Systems},
  year      = {2014},
  publisher = {Springer International Publishing},
  address   = {Cham},
  pages     = {1--14},
  isbn      = {978-3-319-14484-9}
}



@article{Garcia2004,
  author   = {Garcia, Alessandro F. and de Lucena, Carlos J. P. and Cowan, Donald D.},
  title    = {Agents in object-oriented software engineering},
  journal  = {Software: Practice and Experience},
  volume   = {34},
  number   = {5},
  pages    = {489-521},
  keywords = {multi-agent systems, software agents, software engineering, object-oriented systems, aspect-oriented software development},
  doi      = {https://doi.org/10.1002/spe.578},
  url      = {https://onlinelibrary.wiley.com/doi/abs/10.1002/spe.578},
  eprint   = {https://onlinelibrary.wiley.com/doi/pdf/10.1002/spe.578},
  year     = {2004}
}



@book{Cossentino2014,
  author    = {Cossentino, Massimo and Hilaire, Vincent and Molesini, Ambra and Seidita, Valeria},
  title     = {Handbook on Agent-Oriented Design Processes},
  year      = {2014},
  publisher = {Springer Berlin Heidelberg},
  address   = {Berlin, Heidelberg},
  doi       = {10.1007/978-3-642-39975-6}
}


@inbook{Zhang2021,
  author    = {Zhang, Kaiqing
               and Yang, Zhuoran
               and Ba{\c{s}}ar, Tamer},
  editor    = {Vamvoudakis, Kyriakos G.
               and Wan, Yan
               and Lewis, Frank L.
               and Cansever, Derya},
  title     = {Multi-Agent Reinforcement Learning: A Selective Overview of Theories and Algorithms},
  booktitle = {Handbook of Reinforcement Learning and Control},
  year      = {2021},
  publisher = {Springer International Publishing},
  address   = {Cham},
  pages     = {321--384},
  isbn      = {978-3-030-60990-0},
  doi       = {10.1007/978-3-030-60990-0_12},
  url       = {https://doi.org/10.1007/978-3-030-60990-0\_12}
}


@article{Du2022,
  author  = {Du, Yilun and Zhang, Ji and Li, Tingwu},
  title   = {Understanding the Emergence of Cooperation in Multi-Agent Reinforcement Learning},
  journal = {Proceedings of the AAAI Conference on Artificial Intelligence},
  year    = {2022},
  doi     = {10.1609/aaai.v36i9.21450}
}


@misc{Papoudakis2021,
  title         = {Benchmarking Multi-Agent Deep Reinforcement Learning Algorithms in Cooperative Tasks},
  author        = {Georgios Papoudakis and Filippos Christianos and Lukas Schäfer and Stefano V. Albrecht},
  year          = {2021},
  eprint        = {2006.07869},
  archiveprefix = {arXiv},
  primaryclass  = {cs.LG},
  url           = {https://arxiv.org/abs/2006.07869}
}


@article{Nguyen2020,
  author   = {Nguyen, Thanh Thi and Nguyen, Ngoc Duy and Nahavandi, Saeid},
  journal  = {IEEE Transactions on Cybernetics},
  title    = {Deep Reinforcement Learning for Multiagent Systems: A Review of Challenges, Solutions, and Applications},
  year     = {2020},
  volume   = {50},
  number   = {9},
  pages    = {3826-3839},
  keywords = {Mathematical model;Robots;Dynamic programming;Games;Reinforcement learning;Deep learning;Observability;Continuous action space;deep learning;deep reinforcement learning (RL);multiagent;nonstationary;partial observability;review;robotics;survey},
  doi      = {10.1109/TCYB.2020.2977374}
}


@misc{Yuan2023,
  title         = {A Survey of Progress on Cooperative Multi-agent Reinforcement Learning in Open Environment},
  author        = {Lei Yuan and Ziqian Zhang and Lihe Li and Cong Guan and Yang Yu},
  year          = {2023},
  eprint        = {2312.01058},
  archiveprefix = {arXiv},
  primaryclass  = {cs.MA},
  url           = {https://arxiv.org/abs/2312.01058}
}

@article{soule2025moisemarl,
  title   = {An organizationally-Oriented Approach to Enhancing Explainability and Control in Multi-Agent Reinforcement Learning},
  author  = {Soule, Julien and Jamont, Jean-Paul and Occello, Michel and Traonouez, Louis-Marie and Théron, Paul},
  journal = {Proc. of the 24th Int. Conf. on Autonomous Agents and Multiagent Systems},
  year    = {2025}
}
%%%%%%%%%%%%%%%%%%%%%%%%%%%%%%%%%%%%%
%%%%%%%%%%%%%%%%%%%%%%%%%%%%%%%%%%%%%

@inproceedings{yusuf2020inferential,
  author = {Yusuf, Sagir and Baber, Chris},
  year   = {2020},
  month  = {06},
  pages  = {},
  title  = {Inferential Reasoning for-Heterogeneous Multi-Agent-Mission}
}


@inproceedings{serrino2019finding,
  author    = {Serrino, Jack and Kleiman-Weiner, Max and Parkes, David C and Tenenbaum, Josh},
  booktitle = {Advances in Neural Information Processing Systems},
  editor    = {H. Wallach and H. Larochelle and A. Beygelzimer and F. d\textquotesingle Alch\'{e}-Buc and E. Fox and R. Garnett},
  pages     = {},
  publisher = {Curran Associates, Inc.},
  title     = {Finding Friend and Foe in Multi-Agent Games},
  volume    = {32},
  year      = {2019}
}


@inproceedings{akiba2019optuna,
  author    = {Akiba, Takuya and Sano, Shotaro and Yanase, Toshihiko and Ohta, Takeru and Koyama, Masanori},
  title     = {Optuna: A Next-generation Hyperparameter Optimization Framework},
  year      = {2019},
  isbn      = {9781450362016},
  publisher = {Association for Computing Machinery},
  address   = {New York, NY, USA},
  url       = {https://doi.org/10.1145/3292500.3330701},
  doi       = {10.1145/3292500.3330701},
  booktitle = {Proceedings of the 25th ACM SIGKDD International Conference on Knowledge Discovery \& Data Mining},
  pages     = {2623–2631},
  numpages  = {9},
  keywords  = {Bayesian optimization, black-box optimization, hyperparameter optimization, machine learning system},
  location  = {Anchorage, AK, USA},
  series    = {KDD '19}
}


@misc{warehouse_management,
  title        = {Warehouse Management},
  author       = {Soulé, Julien},
  publisher    = {GitHub},
  year         = 2024,
  url          = {https://github.com/julien6/OMARLE},
  howpublished = {https://github.com/julien6/OMARLE}
}

@inproceedings{Carroll2019,
  author    = {Carroll, Micah and Shah, Rohin and Ho, Mark K and Griffiths, Tom and Seshia, Sanjit and Abbeel, Pieter and Dragan, Anca},
  booktitle = {Advances in Neural Information Processing Systems},
  editor    = {H. Wallach and H. Larochelle and A. Beygelzimer and F. d\textquotesingle Alch\'{e}-Buc and E. Fox and R. Garnett},
  pages     = {},
  publisher = {Curran Associates, Inc.},
  title     = {On the Utility of Learning about Humans for Human-AI Coordination},
  url       = {https://proceedings.neurips.cc/paper\_files/paper/2019/file/f5b1b89d98b7286673128a5fb112cb9a-Paper.pdf},
  volume    = {32},
  year      = {2019}
}


@misc{Standen2021,
  title         = {CybORG: A Gym for the Development of Autonomous Cyber Agents},
  author        = {Maxwell Standen and Martin Lucas and David Bowman and Toby J. Richer and Junae Kim and Damian Marriott},
  year          = {2021},
  eprint        = {2108.09118},
  archiveprefix = {arXiv},
  primaryclass  = {cs.CR},
  url           = {https://arxiv.org/abs/2108.09118}
}


@article{Ha2018,
  doi       = {10.5281/ZENODO.1207631},
  url       = {https://zenodo.org/record/1207631},
  author    = {Ha, David and Schmidhuber, Jürgen},
  title     = {World Models},
  publisher = {Zenodo},
  year      = {2018},
  copyright = {Creative Commons Attribution 4.0}
}



@book{Oliehoek2016,
  title     = {A Concise Introduction to Decentralized POMDPs},
  author    = {Frans A. Oliehoek and Christopher Amato},
  year      = {2016},
  isbn      = {978-3-319-28929-8},
  url       = {https://link.springer.com/book/10.1007/978-3-319-28929-8},
  publisher = {Springer International Publishing},
  address   = {Cham}
}


@inproceedings{Matignon2007,
  author    = {Matignon, Laetitia and Laurent, Guillaume J. and Le Fort-Piat, Nadine},
  booktitle = {2007 IEEE/RSJ International Conference on Intelligent Robots and Systems},
  title     = {Hysteretic Q-learning : an algorithm for Decentralized Reinforcement Learning in Cooperative Multi-Agent Teams},
  year      = {2007},
  volume    = {},
  number    = {},
  pages     = {64-69},
  keywords  = {Hysteresis;Learning;Robot kinematics;Multiagent systems;Distributed control;Convergence;Stochastic processes;Game theory;Intelligent robots;USA Councils},
  doi       = {10.1109/IROS.2007.4399095}
}


@inproceedings{Hubner2002,
  author    = {H{\"u}bner, Jomi Fred
               and Sichman, Jaime Sim{\~a}o
               and Boissier, Olivier},
  editor    = {Bittencourt, Guilherme
               and Ramalho, Geber L.},
  title     = {A Model for the Structural, Functional, and Deontic Specification of Organizations in Multiagent Systems},
  booktitle = {Advances in Artificial Intelligence},
  year      = {2002},
  publisher = {Springer Berlin Heidelberg},
  address   = {Berlin, Heidelberg},
  pages     = {118--128},
  isbn      = {978-3-540-36127-5}
}



@article{Hubner2007,
  author  = {Hubner, Jomi F. and Sichman, Jaime S. and Boissier, Olivier},
  title   = {Developing organised multiagent systems using the MOISE+ model: programming issues at the system and agent levels},
  journal = {International Journal of Agent-Oriented Software Engineering},
  volume  = {1},
  number  = {3-4},
  pages   = {370-395},
  year    = {2007},
  doi     = {10.1504/IJAOSE.2007.016266},
  url     = {  https://www.inderscienceonline.com/doi/abs/10.1504/IJAOSE.2007.016266 },
  eprint  = {   https://www.inderscienceonline.com/doi/pdf/10.1504/IJAOSE.2007.016266}
}
