@book{Kott2018,
  author    = {Kott, Alexander and Arnold, Michael},
  title     = {Cyber Defense with Intelligent Agents},
  publisher = {Springer},
  year      = {2018},
  doi       = {10.1007/978-3-319-59288-7}
}

@inproceedings{Rossi2019,
  author    = {Rossi, Fabiana and Nardelli, Matteo and Cardellini, Valeria},
  booktitle = {IEEE 12th Int. Conf. on Cloud Computing (CLOUD)},
  title     = {Horizontal and Vertical Scaling of Container-Based Applications Using Reinforcement Learning},
  year      = {2019},
  volume    = {},
  number    = {},
  pages     = {329-338},
  keywords  = {Elasticity;Containers;Adaptation models;Cloud computing;Computational modeling;System dynamics;Tools;Reinforcement Learning, Elasticity, Self adaptation, Container, Docker},
  doi       = {10.1109/CLOUD.2019.00061}
}

@inproceedings{Yu2022,
 author = {{Yu, Chao et al.}},
 booktitle = {Advances in Neural Information Processing Systems},
 editor = {{S. Koyejo et al.}},
 pages = {24611--24624},
 title = {The Surprising Effectiveness of PPO in Cooperative Multi-Agent Games},
 volume = {35},
 year = {2022}
}

@article{Vhatkar2022,
  author  = {Vhatkar Kapil Netaji and G.P. Bhole},
  title   = {A comprehensive survey on container resource allocation approaches in cloud computing: State-of-the-art and research challenges},
  journal = {Web Intelligence},
  volume  = {19},
  number  = {4},
  pages   = {295-316},
  year    = {2022},
  doi     = {10.3233/WEB-210474}
}

@book{shahrad2020resource,
  title     = {Resource-efficient Management of Large-scale Public Cloud Systems},
  author    = {Shahrad, Mohammad},
  year      = {2020},
  publisher = {Princeton University}
}

@inproceedings{Liu2018,
  author    = {{Liu Yandong et al.}},
  booktitle = {IEEE 23rd Int. Workshop on Computer Aided Modeling and Design of Communication Links and Networks (CAMAD)},
  title     = {Deep Reinforcement Learning based Smart Mitigation of DDoS Flooding in Software-Defined Networks},
  year      = {2018},
  doi       = {10.1109/CAMAD.2018.8514971}
}

@article{burns2016borg,
  title     = {Borg, Omega, and Kubernetes},
  author    = {Burns, Brendan and Grant, Brian and Oppenheimer, David and Brewer, Eric and Wilkes, John},
  journal   = {Communications of the ACM},
  volume    = {59},
  number    = {5},
  pages     = {50--57},
  year      = {2016},
  publisher = {ACM}
}

@article{kott2018autonomous,
  title   = {Autonomous intelligent cyber-defense agent reference architecture. Release 2.0},
  author  = {Kott, Alexander and Th{\'e}ron, Paul and Dra{\v{s}}ar, Martin and Dushku, Edlira and LeBlanc, Beno{\^\i}t and Losiewicz, Paul and Guarino, Alessandro and Mancini, Luigi and Panico, Agostino and Pihelgas, Mauno and others},
  journal = {arXiv preprint arXiv:1803.10664},
  year    = {2018}
}

@misc{locust2021,
  title        = {Locust},
  author       = {{Locust Team}},
  year         = {2021},
  howpublished = {\url{https://locust.io}}
}

@article{hubner2002moise,
  title   = {MOISE+: Towards a structural, functional, and deontic model for multi-agent organizations},
  author  = {H{\"u}bner, Jomi Fred and Sichman, Jaime Sim{\~a}o and Boissier, Olivier},
  journal = {Proc. of the 1st Int. Joint Conf. on Autonomous Agents and Multiagent Systems},
  pages   = {501--502},
  year    = {2002}
}

@article{berndt1994using,
  title   = {Using Dynamic Time Warping to Find Patterns in Time Series},
  author  = {Berndt, Donald J and Clifford, James},
  journal = {Proc. of the 3rd Int. Conf. on Knowledge Discovery and Data Mining},
  pages   = {359--370},
  year    = {1994}
}

@article{guidotti2018survey,
  title     = {A survey of methods for explaining black box models},
  author    = {Guidotti, Riccardo and Monreale, Anna and Ruggieri, Salvatore and Turini, Franco and Giannotti, Fosca and Pedreschi, Dino},
  journal   = {ACM computing surveys},
  volume    = {51},
  number    = {5},
  pages     = {1--42},
  year      = {2018},
  publisher = {ACM New York, NY, USA}
}

@inproceedings{akiba2019optuna,
  title        = {Optuna: A Next-generation Hyperparameter Optimization Framework},
  author       = {{Akiba Takuya et al.}},
  booktitle    = {Proc. of the ACM SIGKDD Int. Conf. on Knowledge Discovery and Data Mining},
  pages        = {2623--2631},
  year         = {2019},
  organization = {ACM},
  doi          = {10.1145/3292500.3330701}
}

@article{biran2017explanation,
  title   = {Explanation and justification in machine learning: A survey},
  author  = {Biran, Or and Cotton, Kathleen},
  journal = {Proc. of the IJCAI-17 Workshop on Explainable AI},
  volume  = {8},
  pages   = {8--13},
  year    = {2017}
}

@article{Terry2021,
  title   = {Pettingzoo: Gym for multi-agent reinforcement learning},
  author  = {{Terry, J et al.}},
  journal = {Advances in Neural Information Processing Systems},
  year    = {2021}
}

@misc{prometheus,
  title = {Prometheus - Monitoring system and time series database},
  year  = {2012},
  url   = {https://prometheus.io},
  note  = {Accessed: 2024-11-25}
}

@article{shapley1953stochastic,
  title     = {Stochastic games},
  author    = {Shapley, Lloyd S},
  journal   = {Proc. of the National Academy of Sciences},
  volume    = {39},
  number    = {10},
  pages     = {1095--1100},
  year      = {1953},
  publisher = {National Academy of Sciences}
}

@misc{openAIGymActionSpaces,
  title        = {The Action Spaces in OpenAI Gym},
  author       = {{OpenAI Gym}},
  year         = {2022},
  howpublished = {\url{https://github.com/openai/gym/tree/master/gym/spaces}},
  note         = {Accessed on 26 July 2022}
}

@inproceedings{Tran2022,
  author    = {Tran, Minh-Ngoc and Vu, Dinh-Dai and Kim, Younghan},
  booktitle = {2022 Thirteenth Int. Conf. on Ubiquitous and Future Networks (ICUFN)},
  title     = {A Survey of Autoscaling in Kubernetes},
  year      = {2022},
  volume    = {},
  number    = {},
  pages     = {263-265},
  keywords  = {Costs;Quality of service;Computer architecture;Containers;Timing;autoscaling;Kubernetes},
  doi       = {10.1109/ICUFN55119.2022.9829572}
}

@article{Carrion2022,
  author     = {Carri\'{o}n, Carmen},
  title      = {Kubernetes Scheduling: Taxonomy, Ongoing Issues and Challenges},
  year       = {2022},
  issue_date = {July 2023},
  publisher  = {Association for Computing Machinery},
  volume     = {55},
  number     = {7},
  issn       = {0360-0300},
  doi        = {10.1145/3539606},
  journal    = {ACM Comput. Surv.},
  articleno  = {138},
  numpages   = {37}
}

@inproceedings{COPA,
  author    = {Ding, Zhijun and Huang, Qichen},
  booktitle = {2021 IEEE Int. Conf. on Web Services (ICWS)},
  title     = {COPA: A Combined Autoscaling Method for Kubernetes},
  year      = {2021},
  volume    = {},
  number    = {},
  pages     = {416-425},
  doi       = {10.1109/ICWS53863.2021.00061}
}

@inproceedings{KOSMOS,
  author    = {Baresi, Luciano
               and Hu, Davide Yi Xian
               and Quattrocchi, Giovanni
               and Terracciano, Luca},
  editor    = {Hacid, Hakim
               and Kao, Odej
               and Mecella, Massimo
               and Moha, Naouel
               and Paik, Hye-young},
  title     = {KOSMOS: Vertical and Horizontal Resource Autoscaling for Kubernetes},
  booktitle = {Service-Oriented Computing},
  year      = {2021},
  publisher = {Springer Int. Publishing},
  address   = {Cham},
  pages     = {821--829},
  isbn      = {978-3-030-91431-8}
}

@article{Zhou2024,
  title   = {AHPA: Adaptive Horizontal Pod Autoscaling Systems on Alibaba Cloud Container Service for Kubernetes},
  volume  = {37},
  doi     = {10.1609/aaai.v37i13.26852},
  number  = {13},
  journal = {Proc. of the AAAI Conf. on Artificial Intelligence},
  author  = {{Zhou Zhiqiang et al.}},
  year    = {2024},
  month   = {Jul.},
  pages   = {15621-15629}
}

@inproceedings{QoSRL,
  author    = {Khaleq, Abeer Abdel and Ra, Ilkyeun},
  booktitle = {Int. Conf. on Autonomic Computing and Self-Organizing Systems Companion (ACSOS)},
  title     = {Development of QoS-aware agents with reinforcement learning for autoscaling of microservices on the cloud},
  year      = {2021},
  volume    = {},
  number    = {},
  pages     = {13-19},
  doi       = {10.1109/ACSOS-C52956.2021.00025}
}

@inproceedings{gymhpa2022,
  author    = {Santos, Jos√© and Wauters, Tim and Volckaert, Bruno and Turck, Filip De},
  booktitle = {NOMS 2023-2023 IEEE/IFIP Network Operations and Management Symposium},
  title     = {gym-hpa: Efficient Auto-Scaling via Reinforcement Learning for Complex Microservice-based Applications in Kubernetes},
  year      = {2023},
  volume    = {},
  number    = {},
  pages     = {1-9},
  keywords  = {Training;Degradation;Microservice architectures;Reinforcement learning;Containers;Benchmark testing;Libraries;Auto-scaling;Containers;Cloud-native;Microservices;Orchestration;Reinforcement Learning;Kubernetes},
  doi       = {10.1109/NOMS56928.2023.10154298}
}

@ARTICLE{Liu2024,
  author={Liu, Dingbang and Ren, Fenghui and Yan, Jun and Su, Guoxin and Gu, Wen and Kato, Shohei},
  journal={IEEE Access}, 
  title={Scaling Up Multi-Agent Reinforcement Learning: An Extensive Survey on Scalability Issues}, 
  year={2024},
  volume={12},
  number={},
  pages={94610-94631},
  keywords={Scalability;Complexity theory;Robustness;Surveys;Deep reinforcement learning;Task analysis;Games;Multi-agent systems;Collective intelligence;Multi-agent learning;reinforcement learning;scalability;collective learning},
  doi={10.1109/ACCESS.2024.3410318}}

@inproceedings{aware2023,
  author    = {Haoran Qiu and Weichao Mao and Chen Wang and Hubertus Franke and Alaa Youssef and Zbigniew T. Kalbarczyk and Tamer Ba{\c s}ar and Ravishankar K. Iyer},
  title     = {{AWARE}: Automate Workload Autoscaling with Reinforcement Learning in Production Cloud Systems},
  booktitle = {2023 USENIX Annual Technical Conf. (USENIX ATC 23)},
  year      = {2023},
  isbn      = {978-1-939133-35-9},
  pages     = {387--402}
}

@inproceedings{soule2024aomea,
  title     = {A MARL-based Approach for Easing MAS Organization Engineering},
  author    = {Soul√©, Julien and Jamont, Jean-Paul and Occello, Michel and Th√©ron, Paul and Traonouez, Louis-Marie},
  booktitle = {Artificial Intelligence Applications and Innovations: 20th IFIP WG Int. Conf., AIAI, Corfu, Greece, June 27-30, 2024, Proc. 20},
  year      = {2024},
  publisher = {Springer}
}

@article{Jennings1998,
  author  = {Jennings, Nicholas R. and Wooldridge, Michael},
  title   = {Applications of Intelligent Agents},
  journal = {AI Magazine},
  volume  = {19},
  number  = {3},
  pages   = {14--28},
  year    = {1998}
}

@book{Shoham2009MAS,
  author    = {Shoham, Yoav and Leyton-Brown, Kevin},
  title     = {Multiagent Systems: Algorithmic, Game-Theoretic, and Logical Foundations},
  publisher = {Cambridge University Press},
  year      = {2009},
  isbn      = {9780521899437}
}

@article{Gari2021,
  title    = {Reinforcement learning-based application Autoscaling in the Cloud: A survey},
  journal  = {Engineering Applications of Artificial Intelligence},
  volume   = {102},
  pages    = {104288},
  year     = {2021},
  issn     = {0952-1976},
  doi      = {https://doi.org/10.1016/j.engappai.2021.104288},
  author   = {{Yisel Gar√≠ et al.}}
}

@inproceedings{David2021,
  title     = {Kubernetes Auto-Scaling: YoYo Attack Vulnerability and Mitigation},
  booktitle = {Proc. of the 11th Int. Conf. on Cloud Computing and Services Science (CLOSER)},
  publisher = {SCITEPRESS - Science and Technology Publications},
  author    = {Ben David, Ronen and Barr, Anat},
  year      = {2021}
}

@inproceedings{Toka2020,
  author    = {Toka, Laszlo and Dobreff, Gergely and Fodor, Balazs and Sonkoly, Balazs},
  booktitle = {2020 20th IEEE/ACM Int. Symposium on Cluster, Cloud and Internet Computing (CCGrid)},
  title     = {Adaptive AI-based auto-scaling for Kubernetes},
  year      = {2020},
  volume    = {},
  number    = {},
  pages     = {599-608},
  doi       = {10.1109/CCGrid49817.2020.00-33}
}

@ARTICLE{Pahl2019,
  author={Pahl, Claus and Brogi, Antonio and Soldani, Jacopo and Jamshidi, Pooyan},
  journal={IEEE Transactions on Cloud Computing}, 
  title={Cloud Container Technologies: A State-of-the-Art Review}, 
  year={2019},
  volume={7},
  number={3},
  pages={677-692},
  doi={10.1109/TCC.2017.2702586}}
