@article{dragoni2017microservices,
  title   = {Microservices: yesterday, today, and tomorrow},
  author  = {Dragoni, Nicola and Giallorenzo, Saverio and Lafuente, Alberto Lluch and Mazzara, Manuel and Montesi, Fabrizio and Mustafin, Ruslan and Safina, Larisa},
  journal = {Present and ulterior software engineering},
  pages   = {195--216},
  year    = {2017}
}

@article{larrucea2018microservices,
  title   = {Microservices},
  author  = {Larrucea, Xabier and Santamaria, Idoia and Colomo-Palacios, Ricardo and Ebert, Christof},
  journal = {IEEE Software},
  volume  = {35},
  number  = {3},
  pages   = {96--100},
  year    = {2018}
}

@inproceedings{schneider2016achieving,
  title     = {Achieving cloud scalability with microservices and devops in the connected car domain},
  author    = {Schneider, Thomas and Wolfsmantel, Andreas},
  booktitle = {Software Engineering (Workshops)},
  pages     = {138--141},
  year      = {2016}
}

@manual{amazonECS,
  title  = {Amazon Elastic Container Service (Amazon ECS)},
  author = {Amazon},
  year   = {2021},
  note   = {Accessed on 22 September 2021},
  url    = {https://aws.amazon.com/ecs/}
}

@book{kubernetesBook,
  title     = {Kubernetes: up and running: dive into the future of infrastructure},
  author    = {Burns, Brendan and Beda, Joe and Hightower, Kelsey},
  publisher = {O'Reilly Media},
  year      = {2019}
}

@manual{redhatOpenShift,
  title  = {Red Hat OpenShift Container Platform},
  author = {Red Hat},
  year   = {2021},
  note   = {Accessed on 22 September 2021},
  url    = {https://www.redhat.com/en/technologies/cloud-computing/openshift}
}

@article{giordani2020toward,
  title   = {Toward 6G networks: Use cases and technologies},
  author  = {Giordani, Marco and Polese, Michele and Mezzavilla, Marco and Rangan, Sundeep and Zorzi, Michele},
  journal = {IEEE Communications Magazine},
  volume  = {58},
  number  = {3},
  pages   = {55--61},
  year    = {2020}
}

@article{santos2021towards,
  title   = {Towards low-latency service delivery in a continuum of virtual resources: State-of-the-art and research directions},
  author  = {Santos, Jos{\'e} and Wauters, Tim and Volckaert, Bruno and De Turck, Filip},
  journal = {IEEE Communications Surveys \& Tutorials},
  year    = {2021}
}

@article{qu2018autoscaling,
  title   = {Auto-scaling web applications in clouds: A taxonomy and survey},
  author  = {Qu, Chao and Calheiros, Rodrigo N and Buyya, Rajkumar},
  journal = {ACM Computing Surveys (CSUR)},
  volume  = {51},
  number  = {4},
  pages   = {1--33},
  year    = {2018}
}

@article{calheiros2014autoscaling,
  title   = {Workload prediction using ARIMA model and its impact on cloud applications' QoS},
  author  = {Calheiros, Rodrigo N and Masoumi, Ehsan and Ranjan, Rajiv and Buyya, Rajkumar},
  journal = {IEEE Transactions on Cloud Computing},
  volume  = {3},
  number  = {4},
  pages   = {449--458},
  year    = {2014}
}

@article{messias2016genetic,
  title   = {Combining time series prediction models using genetic algorithm to autoscaling web applications hosted in the cloud infrastructure},
  author  = {Messias, Victor Rodrigues and Estrella, Julio Cesar and others},
  journal = {Neural Computing and Applications},
  volume  = {27},
  number  = {8},
  pages   = {2383--2406},
  year    = {2016}
}

@manual{brockman2016openai,
  title  = {OpenAI Gym},
  author = {Brockman, Greg and others},
  year   = {2016},
  note   = {Accessed on 28 August 2022},
  url    = {https://github.com/openai/gym/}
}

@manual{redis,
  title  = {Redis, an open-source in-memory data structure store},
  author = {Redis},
  year   = {2021},
  note   = {Accessed on 22 September 2021},
  url    = {https://redis.io/}
}

@manual{onlineBoutique,
  title  = {Online Boutique, a cloud-native microservices demo application},
  author = {Google},
  year   = {2021},
  note   = {Accessed on 22 September 2021},
  url    = {https://github.com/GoogleCloudPlatform/microservices-demo}
}

@article{singh2019research,
  title   = {Research on auto-scaling of web applications in cloud: Survey, trends, and future directions},
  author  = {Singh, Pranav and Gupta, P and others},
  journal = {Scalable Computing: Practice and Experience},
  volume  = {20},
  number  = {2},
  pages   = {399--432},
  year    = {2019}
}

@inproceedings{rossi2019reinforcement,
  title        = {Horizontal and vertical scaling of container-based applications using reinforcement learning},
  author       = {Rossi, Fabio and Nardelli, Matteo and Cardellini, Valeria},
  booktitle    = {2019 IEEE 12th International Conference on Cloud Computing (CLOUD)},
  pages        = {329--338},
  year         = {2019},
  organization = {IEEE}
}

@inproceedings{rzadca2020autopilot,
  title     = {Autopilot: Workload autoscaling at Google},
  author    = {Rzadca, Krzysztof and others},
  booktitle = {Proceedings of the Fifteenth European Conference on Computer Systems},
  pages     = {1--16},
  year      = {2020}
}

@manual{kubernetesHPA,
  title  = {Kubernetes Horizontal Pod Autoscaler},
  author = {Kubernetes},
  year   = {2021},
  note   = {Accessed on 22 September 2021},
  url    = {https://kubernetes.io/docs/tasks/run-application/horizontal-pod-autoscale/}
}
