@inproceedings{dragoni2017microservices,
  title     = {Microservices: yesterday, today, and tomorrow},
  author    = {Dragoni, Nicola and Giallorenzo, Saverio and Lafuente, Alberto Lluch and Mazzara, Manuel and Montesi, Fabrizio and Mustafin, Ruslan and Safina, Larisa},
  booktitle = {Present and ulterior software engineering},
  pages     = {195--216},
  year      = {2017}
}

@article{larrucea2018microservices,
  title   = {Microservices},
  author  = {Larrucea, Xabier and Santamaria, Ibon and Colomo-Palacios, Ricardo and Ebert, Christof},
  journal = {IEEE Software},
  volume  = {35},
  number  = {3},
  pages   = {96--100},
  year    = {2018}
}

@inproceedings{schneider2016connected,
  title     = {Achieving cloud scalability with microservices and devops in the connected car domain},
  author    = {Schneider, Tobias and Wolfsmantel, Alexander},
  booktitle = {Software Engineering (Workshops)},
  pages     = {138--141},
  year      = {2016}
}

@online{amazonECS,
  title  = {Amazon elastic container service (amazon ecs)},
  author = {Amazon},
  year   = {2021},
  url    = {https://aws.amazon.com/ecs/},
  note   = {Accessed: 22 September 2021}
}

@book{burns2019kubernetes,
  title     = {Kubernetes: up and running: dive into the future of infrastructure},
  author    = {Burns, Brendan and Beda, Joe and Hightower, Kelsey},
  publisher = {O'Reilly Media},
  year      = {2019}
}

@online{redhat2021openshift,
  title  = {Red hat openshift container platform},
  author = {Red Hat},
  year   = {2021},
  url    = {https://www.redhat.com/en/technologies/cloud-computing/openshift},
  note   = {Accessed: 22 September 2021}
}

@article{giordani2020toward,
  title   = {Toward 6G networks: Use cases and technologies},
  author  = {Giordani, Marco and Polese, Michele and Mezzavilla, Marco and Rangan, Sundeep and Zorzi, Michele},
  journal = {IEEE Communications Magazine},
  volume  = {58},
  number  = {3},
  pages   = {55--61},
  year    = {2020}
}

@article{santos2021towards,
  title   = {Towards low-latency service delivery in a continuum of virtual resources: State-of-the-art and research directions},
  author  = {Santos, Jos√© and Wauters, Tim and Volckaert, Bruno and De Turck, Filip},
  journal = {IEEE Communications Surveys \& Tutorials},
  year    = {2021}
}

@article{qu2018autoscaling,
  title   = {Auto-scaling web applications in clouds: A taxonomy and survey},
  author  = {Qu, Ching-Hsien and Calheiros, Rodrigo N and Buyya, Rajkumar},
  journal = {ACM Computing Surveys (CSUR)},
  volume  = {51},
  number  = {4},
  pages   = {1--33},
  year    = {2018}
}

@inproceedings{gergin2014performance,
  author    = {I. Gergin and B. Simmons and M. Litoiu},
  title     = {A decentralized autonomic architecture for performance control in the cloud},
  booktitle = {2014 IEEE International Conference on Cloud Engineering},
  year      = {2014},
  pages     = {574--579}
}

@article{calheiros2014arima,
  title   = {Workload prediction using arima model and its impact on cloud applications' qos},
  author  = {Calheiros, Rodrigo N and Masoumi, Ehsan and Ranjan, Rajiv and Buyya, Rajkumar},
  journal = {IEEE Transactions on Cloud Computing},
  volume  = {3},
  number  = {4},
  pages   = {449--458},
  year    = {2014}
}

@inproceedings{lee2020deep,
  title     = {Deep Q-networks based auto-scaling for service function chaining},
  author    = {Lee, Dong and Yoo, Jong-Hun and Hong, James Won-Ki},
  booktitle = {2020 16th International Conference on Network and Service Management (CNSM)},
  pages     = {1--9},
  year      = {2020}
}

@inproceedings{rzadka2020autopilot,
  title     = {Autopilot: workload autoscaling at google},
  author    = {Rzadca, Krzysztof and Findeisen, Piotr and Swiderski, Jakub and Zych, Pawel and Broniek, Piotr and Kusmierek, Jacek and Nowak, Pawel and Strack, Brian and Witusowski, Piotr and Hand, Steven},
  booktitle = {Proceedings of the Fifteenth European Conference on Computer Systems},
  year      = {2020},
  pages     = {1--16}
}

@online{kubernetesHPA,
  title  = {Horizontal pod autoscaler},
  author = {Kubernetes},
  year   = {2021},
  url    = {https://kubernetes.io/docs/tasks/run-application/horizontal-pod-autoscale/},
  note   = {Accessed: 22 September 2021}
}

@online{kubernetesVPA,
  title  = {Vertical pod autoscaler},
  author = {Kubernetes},
  year   = {2021},
  url    = {https://cloud.google.com/kubernetes-engine/docs/concepts/verticalpodautoscaler},
  note   = {Accessed: 22 September 2021}
}

@inproceedings{alDhuraibi2017elasticDocker,
  title        = {Autonomic vertical elasticity of docker containers with elasticdocker},
  author       = {Al-Dhuraibi, Youssef and Paraiso, Fawaz and Djarallah, Nacer and Merle, Philippe},
  booktitle    = {2017 IEEE 10th International Conference on Cloud Computing (CLOUD)},
  pages        = {472--479},
  year         = {2017},
  organization = {IEEE}
}

@inproceedings{rattihalli2019verticalScaling,
  title        = {Exploring potential for non-disruptive vertical auto scaling and resource estimation in kubernetes},
  author       = {Rattihalli, Govind and Govindaraju, Madhusudhan and Lu, Hao and Tiwari, Devesh},
  booktitle    = {2019 IEEE 12th International Conference on Cloud Computing (CLOUD)},
  pages        = {33--40},
  year         = {2019},
  organization = {IEEE}
}

@online{redis_exporter,
  title  = {Prometheus redis metrics exporter},
  author = {Oliver},
  year   = {2022},
  url    = {https://github.com/oliver006/redis_exporter},
  note   = {Accessed: 28 August 2022}
}

@online{locust,
  title  = {An open source load testing tool},
  author = {Locust},
  year   = {2021},
  url    = {https://locust.io/},
  note   = {Accessed: 2 December 2021}
}

@online{online_boutique,
  title  = {Online boutique, a cloud-native microservices demo application},
  author = {Google Cloud},
  year   = {2021},
  url    = {https://github.com/GoogleCloudPlatform/microservices-demo},
  note   = {Accessed: 22 September 2021}
}

@online{aws2021autoscaling,
  title  = {Service auto scaling},
  author = {AWS},
  year   = {2021},
  url    = {https://docs.aws.amazon.com/AmazonECS/latest/developerguide/service-auto-scaling.html},
  note   = {Accessed: 22 September 2021}
}

@article{danilo2018hierarchical,
  title   = {A hierarchical receding horizon algorithm for QoS-driven control of multi-IaaS applications},
  author  = {Danilo, A. and Michele, C. and Lancellotti, R. and Michele, G.},
  year    = {2018},
  journal = {Proceedings of the ACM International Conference},
  pages   = {--}
}

@article{messias2016genetic,
  title   = {Combining time series prediction models using genetic algorithm to autoscaling web applications hosted in the cloud infrastructure},
  author  = {Messias, V. R. and Estrella, J. C. and Ehlers, R. and Santana, M. J. and Santana, R. C. and Reiff-Marganiec, S.},
  journal = {Neural Computing and Applications},
  volume  = {27},
  number  = {8},
  pages   = {2383--2406},
  year    = {2016}
}

@article{kumar2018neural,
  title   = {Workload prediction in cloud using artificial neural network and adaptive differential evolution},
  author  = {Kumar, J. and Singh, A. K.},
  journal = {Future Generation Computer Systems},
  volume  = {81},
  pages   = {41--52},
  year    = {2018}
}

@inproceedings{baresi2016controller,
  title     = {A discrete-time feedback controller for containerized cloud applications},
  author    = {Baresi, L. and Guinea, S. and Leva, A. and Quattrocchi, G.},
  booktitle = {Proceedings of the 2016 24th ACM SIGSOFT International Symposium on Foundations of Software Engineering},
  pages     = {217--228},
  year      = {2016}
}

@article{farokhi2016vertical,
  title   = {A hybrid cloud controller for vertical memory elasticity: A control-theoretic approach},
  author  = {Farokhi, S. and Jamshidi, P. and Lakew, E. B. and Brandic, I. and Elmroth, E.},
  journal = {Future Generation Computer Systems},
  volume  = {65},
  pages   = {57--72},
  year    = {2016}
}

@article{nouri2019autonomic,
  title   = {Autonomic decentralized elasticity based on a reinforcement learning controller for cloud applications},
  author  = {Nouri, S. M. R. and Li, H. and Venugopal, S. and Guo, W. and He, M. and Tian, W.},
  journal = {Future Generation Computer Systems},
  volume  = {94},
  pages   = {765--780},
  year    = {2019}
}

@inproceedings{rossi2019horizontal,
  title        = {Horizontal and vertical scaling of container-based applications using reinforcement learning},
  author       = {Rossi, F. and Nardelli, M. and Cardellini, V.},
  booktitle    = {2019 IEEE 12th International Conference on Cloud Computing (CLOUD)},
  pages        = {329--338},
  year         = {2019},
  organization = {IEEE}
}

@article{toka2021scaling,
  title   = {Machine learning-based scaling management for Kubernetes edge clusters},
  author  = {Toka, L. and Dobreff, G. and Fodor, B. and Sonkoly, B.},
  journal = {IEEE Transactions on Network and Service Management},
  volume  = {18},
  number  = {1},
  pages   = {958--972},
  year    = {2021}
}

@article{toosi2019elasticsfc,
  title   = {ElasticSFC: Auto-scaling techniques for elastic service function chaining in network functions virtualization-based clouds},
  author  = {Toosi, A. N. and Son, J. and Chi, Q. and Buyya, R.},
  journal = {Journal of Systems and Software},
  volume  = {152},
  pages   = {108--119},
  year    = {2019}
}

@misc{kubernetes_resource_management,
  author       = {Kubernetes},
  title        = {Resource Management for Pods and Containers},
  howpublished = {\url{https://kubernetes.io/docs/concepts/configuration/manage-resources-containers/}},
  note         = {Accessed: 2022-07-28},
  year         = {2022}
}

@online{kubernetesDeployment,
  title  = {A deployment provides declarative updates for pods and ReplicaSets},
  author = {Kubernetes},
  year   = {2022},
  url    = {https://kubernetes.io/docs/concepts/workloads/controllers/deployment/},
  note   = {Accessed: 28 July 2022}
}

@book{turnbull2018prometheus,
  title     = {Monitoring with Prometheus},
  author    = {Turnbull, J.},
  publisher = {Turnbull Press},
  year      = {2018}
}

@inproceedings{hessel2018rainbow,
  title     = {Rainbow: Combining improvements in deep reinforcement learning},
  author    = {Hessel, M. and Modayil, J. and Van Hasselt, H. and others},
  booktitle = {Thirty-Second AAAI Conference on Artificial Intelligence},
  year      = {2018}
}

@online{openAIGym,
  title  = {OpenAI Gym: The action spaces in OpenAI Gym},
  author = {OpenAI},
  year   = {2016},
  url    = {https://github.com/openai/gym/tree/master/gym/spaces}
}

@article{raffin2019stable,
  title  = {Stable Baselines3},
  author = {Raffin, A. and Hill, A. and Ernestus, M. and others},
  year   = {2019}
}

@online{redisBenchmark,
  title  = {How fast is Redis?},
  author = {Redis},
  year   = {2022},
  url    = {https://redis.io/topics/benchmarks}
}

@online{redisExporter,
  title  = {Prometheus Redis Metrics Exporter},
  author = {Exporter, P.},
  year   = {2022},
  url    = {https://github.com/oliver006/redis_exporter}
}
