@article{Russell1995,
  title     = {A modern, agent-oriented approach to introductory artificial intelligence},
  author    = {Russell, Stuart and Norvig, Peter},
  journal   = {Acm Sigart Bulletin},
  volume    = {6},
  number    = {2},
  pages     = {24--26},
  year      = {1995},
  publisher = {ACM New York, NY, USA}
}

@article{Wooldridge2000,
  title     = {The Gaia methodology for agent-oriented analysis and design},
  author    = {Wooldridge, Michael and Jennings, Nicholas R and Kinny, David},
  journal   = {Autonomous Agents and multi-agent systems},
  volume    = {3},
  pages     = {285--312},
  year      = {2000},
  publisher = {Springer}
}

@Article{Kathleen2020,
AUTHOR = {Keogh, Kathleen and Sonenberg, Liz},
TITLE = {Designing Multi-Agent System Organisations for Flexible Runtime Behaviour},
JOURNAL = {Applied Sciences},
VOLUME = {10},
YEAR = {2020},
NUMBER = {15},
ARTICLE-NUMBER = {5335},
URL = {https://www.mdpi.com/2076-3417/10/15/5335},
ISSN = {2076-3417}
}

@inproceedings{Noel2010,
  title        = {{Between Design and Implementation of Multi-Agent Systems: A Component-Based Two-Step Process}},
  author       = {No{\"e}l, Victor and Arcangeli, Jean-Paul and Gleizes, Marie-Pierre},
  url          = {https://hal.science/hal-03796079},
  booktitle    = {{8th European Workshop on Multi-Agent Systems (EUMAS 2010)}},
  address      = {Paris, France},
  organization = {{EURAMAS}},
  publisher    = {{Universit{\'e} Paris Descartes}},
  pages        = {1-15},
  year         = {2010},
  month        = Dec,
  keywords     = {MAS engineering ; process ; detailed design ; implementation ; framework ; reuse ; separation of concerns ; components},
  pdf          = {https://hal.science/hal-03796079/file/Between%20Design%20and%20Implementation%20of%20Multi-Agent%20Systems%20EUMAS.pdf},
  hal_id       = {hal-03796079},
  hal_version  = {v1}
}

@article{Oliveira1999,
  title    = {Multi-agent systems: which research for which applications},
  journal  = {Robotics and Autonomous Systems},
  volume   = {27},
  number   = {1},
  pages    = {91-106},
  year     = {1999},
  note     = {Multi-Agent Systems Applications},
  issn     = {0921-8890},
  doi      = {https://doi.org/10.1016/S0921-8890(98)00085-2},
  url      = {https://www.sciencedirect.com/science/article/pii/S0921889098000852},
  author   = {Eugénio Oliveira and Klaus Fischer and Olga Stepankova},
  keywords = {Multi-agent system, Architecture, Learning, Application, Co-ordination}
}

@inproceedings{Jaques2019,
  title     = {Social Influence as Intrinsic Motivation for Multi-Agent Deep Reinforcement Learning},
  author    = {Jaques, Natasha and Lazaridou, Angeliki and Hughes, Edward and Gulcehre, Caglar and Ortega, Pedro and Strouse, Dj and Leibo, Joel Z. and De Freitas, Nando},
  booktitle = {Proceedings of the 36th International Conference on Machine Learning},
  pages     = {3040--3049},
  year      = {2019},
  editor    = {Chaudhuri, Kamalika and Salakhutdinov, Ruslan},
  volume    = {97},
  series    = {Proceedings of Machine Learning Research},
  month     = {09--15 Jun},
  publisher = {PMLR},
  pdf       = {http://proceedings.mlr.press/v97/jaques19a/jaques19a.pdf},
  url       = {https://proceedings.mlr.press/v97/jaques19a.html}
}

@inproceedings{Chongjie2008,
  author    = {Zhang, Chongjie and Abdallah, Sherief and Lesser, Victor},
  title     = {Efficient multi-agent reinforcement learning through automated supervision},
  year      = {2008},
  isbn      = {9780981738123},
  publisher = {International Foundation for Autonomous Agents and Multiagent Systems},
  address   = {Richland, SC},
  booktitle = {Proceedings of the 7th International Joint Conference on Autonomous Agents and Multiagent Systems - Volume 3},
  pages     = {1365–1370},
  numpages  = {6},
  keywords  = {heuristics, multiagent systems, reinforcement learning, supervision},
  location  = {Estoril, Portugal},
  series    = {AAMAS '08}
}

@misc{Kurach2020,
  title         = {Google Research Football: A Novel Reinforcement Learning Environment},
  author        = {Karol Kurach and Anton Raichuk and Piotr Stańczyk and Michał Zając and Olivier Bachem and Lasse Espeholt and Carlos Riquelme and Damien Vincent and Marcin Michalski and Olivier Bousquet and Sylvain Gelly},
  year          = {2020},
  eprint        = {1907.11180},
  archiveprefix = {arXiv},
  primaryclass  = {cs.LG}
}

@article{Terry2021,
  title   = {Pettingzoo: Gym for multi-agent reinforcement learning},
  author  = {Terry, J and Black, Benjamin and Grammel, Nathaniel and Jayakumar, Mario and Hari, Ananth and Sullivan, Ryan and Santos, Luis S and Dieffendahl, Clemens and Horsch, Caroline and Perez-Vicente, Rodrigo and others},
  journal = {Advances in Neural Information Processing Systems},
  volume  = {34},
  pages   = {15032--15043},
  year    = {2021}
}

@misc{Liu2019,
  title         = {Emergent Coordination Through Competition},
  author        = {Siqi Liu and Guy Lever and Josh Merel and Saran Tunyasuvunakool and Nicolas Heess and Thore Graepel},
  year          = {2019},
  eprint        = {1902.07151},
  archiveprefix = {arXiv},
  primaryclass  = {cs.AI}
}

@article{Lowe2017,
  title   = {Multi-Agent Actor-Critic for Mixed Cooperative-Competitive Environments},
  author  = {Lowe, Ryan and Wu, Yi and Tamar, Aviv and Harb, Jean and Abbeel, Pieter and Mordatch, Igor},
  journal = {Neural Information Processing Systems (NIPS)},
  year    = {2017}
}

@article{Tosic2010,
  title    = {A unified framework for reinforcement learning, co-learning and meta-learning how to coordinate in collaborative multi-agent systems},
  journal  = {Procedia Computer Science},
  volume   = {1},
  number   = {1},
  pages    = {2217-2226},
  year     = {2010},
  note     = {ICCS 2010},
  issn     = {1877-0509},
  doi      = {https://doi.org/10.1016/j.procs.2010.04.248},
  url      = {https://www.sciencedirect.com/science/article/pii/S1877050910002498},
  author   = {Predrag T. Tošić and Ricardo Vilalta},
  keywords = {Autonomous agents, Multi-agent systems, Distributed problem solving, Agent coordination, Coalition formation, Distributed task allocation, Reinforcement learning, Co-learning, Meta-learning, Multi-level learning}
}

@inproceedings{Roy2020,
  author    = {Roy, Julien and Barde, Paul and Harvey, F\'{e}lix and Nowrouzezahrai, Derek and Pal, Chris},
  booktitle = {Advances in Neural Information Processing Systems},
  editor    = {H. Larochelle and M. Ranzato and R. Hadsell and M.F. Balcan and H. Lin},
  pages     = {15774--15785},
  publisher = {Curran Associates, Inc.},
  title     = {Promoting Coordination through Policy Regularization in Multi-Agent Deep Reinforcement Learning},
  url       = {https://proceedings.neurips.cc/paper_files/paper/2020/file/b628386c9b92481fab68fbf284bd6a64-Paper.pdf},
  volume    = {33},
  year      = {2020}
}

@misc{Wang2020,
  title         = {ROMA: Multi-Agent Reinforcement Learning with Emergent Roles},
  author        = {Tonghan Wang and Heng Dong and Victor Lesser and Chongjie Zhang},
  year          = {2020},
  eprint        = {2003.08039},
  archiveprefix = {arXiv},
  primaryclass  = {cs.MA}
}

@inproceedings{Kazhdan2020,
  author    = {Kazhdan, Dmitry and Shams, Zohreh and Lio, Pietro},
  booktitle = {2020 International Joint Conference on Neural Networks (IJCNN)},
  title     = {MARLeME: A Multi-Agent Reinforcement Learning Model Extraction Library},
  year      = {2020},
  volume    = {},
  number    = {},
  pages     = {1-8},
  keywords  = {Task analysis;Learning (artificial intelligence);Libraries;Trajectory;Cognition;Decision making;Semantics;Multi-Agent Reinforcement Learning;Interpretability;Abstract Argumentation;Explainability;Model Extraction;Knowledge Extraction;Symbolic Reasoning;Library},
  doi       = {10.1109/IJCNN48605.2020.9207564}
}

@inproceedings{Perolat2017,
  author    = {P\'{e}rolat, Julien and Leibo, Joel Z and Zambaldi, Vinicius and Beattie, Charles and Tuyls, Karl and Graepel, Thore},
  booktitle = {Advances in Neural Information Processing Systems},
  editor    = {I. Guyon and U. Von Luxburg and S. Bengio and H. Wallach and R. Fergus and S. Vishwanathan and R. Garnett},
  pages     = {},
  publisher = {Curran Associates, Inc.},
  title     = {A multi-agent reinforcement learning model of common-pool resource appropriation},
  url       = {https://proceedings.neurips.cc/paper_files/paper/2017/file/2b0f658cbffd284984fb11d90254081f-Paper.pdf},
  volume    = {30},
  year      = {2017}
}

@inproceedings{Shao2022,
  author    = {Shao, Jianzhun and Lou, Zhiqiang and Zhang, Hongchang and Jiang, Yuhang and He, Shuncheng and Ji, Xiangyang},
  booktitle = {Advances in Neural Information Processing Systems},
  editor    = {S. Koyejo and S. Mohamed and A. Agarwal and D. Belgrave and K. Cho and A. Oh},
  pages     = {5711--5723},
  publisher = {Curran Associates, Inc.},
  title     = {Self-Organized Group for Cooperative Multi-agent Reinforcement Learning},
  url       = {https://proceedings.neurips.cc/paper_files/paper/2022/file/25b040c97a75021e57100648a20b1e10-Paper-Conference.pdf},
  volume    = {35},
  year      = {2022}
}

@article{Zheng2018,
  title   = {MAgent: A Many-Agent Reinforcement Learning Platform for Artificial Collective Intelligence},
  volume  = {32},
  url     = {https://ojs.aaai.org/index.php/AAAI/article/view/11371},
  doi     = {10.1609/aaai.v32i1.11371},
  number  = {1},
  journal = {Proceedings of the AAAI Conference on Artificial Intelligence},
  author  = {Zheng, Lianmin and Yang, Jiacheng and Cai, Han and Zhou, Ming and Zhang, Weinan and Wang, Jun and Yu, Yong},
  year    = {2018},
  month   = {Apr.}
}

@article{Heuillet2022,
  author   = {Heuillet, Alexandre and Couthouis, Fabien and Díaz-Rodríguez, Natalia},
  journal  = {IEEE Computational Intelligence Magazine},
  title    = {Collective eXplainable AI: Explaining Cooperative Strategies and Agent Contribution in Multiagent Reinforcement Learning With Shapley Values},
  year     = {2022},
  volume   = {17},
  number   = {1},
  pages    = {59-71},
  keywords = {Artificial intelligence;Ethics;Monte Carlo methods;Machine learning algorithms;Computational modeling;Reinforcement learning;Games},
  doi      = {10.1109/MCI.2021.3129959}
}

@article{Horling2004,
  title     = {A survey of multi-agent organizational paradigms},
  volume    = {19},
  doi       = {10.1017/S0269888905000317},
  number    = {4},
  journal   = {The Knowledge Engineering Review},
  publisher = {Cambridge University Press},
  author    = {HORLING, BRYAN and LESSER, VICTOR},
  year      = {2004},
  pages     = {281–316}
}

@inproceedings{Picard2009,
  title     = {R{\'e}organisation et auto-organisation dans les syst{\`e}mes multi-agents},
  author    = {Picard, Gauthier and H{\"u}bner, Jomi Fred and Boissier, Olivier and Gleizes, Marie-Pierre},
  booktitle = {Journ{\'e}es Francophones sur les Syst{\`e}mes Multi-Agents (JFSMA'09)},
  pages     = {pages--89},
  year      = {2009}
}

@book{Albrecht2024,
  author    = {Stefano V. Albrecht and Filippos Christianos and Lukas Sch\"afer},
  title     = {Multi-Agent Reinforcement Learning: Foundations and Modern Approaches},
  publisher = {MIT Press},
  year      = {2024},
  url       = {https://www.marl-book.com}
}

@phdthesis{Jamont2005,
  title  = {DIAMOND: Une approche pour la conception de syst{\`e}mes multi-agents embarqu{\'e}s},
  author = {Jamont, Jean-Paul},
  year   = {2005},
  school = {Institut National Polytechnique de Grenoble-INPG}
}

@inproceedings{Ferber2004,
  author    = {Ferber, Jacques and Gutknecht, Olivier and Michel, Fabien},
  editor    = {Giorgini, Paolo and M{\"u}ller, J{\"o}rg P. and Odell, James},
  title     = {From Agents to Organizations: An Organizational View of Multi-agent Systems},
  booktitle = {Agent-Oriented Software Engineering IV},
  year      = {2004},
  publisher = {Springer Berlin Heidelberg},
  address   = {Berlin, Heidelberg},
  pages     = {214--230}
}

@inproceedings{Hubner2002,
  author = {Hübner, Jomi and Sichman, Jaime and Olivier, Boissier},
  year   = {2002},
  month  = {01},
  pages  = {118-128},
  title  = {A model for the structural, functional, and deontic specification of organizations in multiagent systems},
  isbn   = {3-540-00124-7}
}

@misc{Hailesilassie2016,
  title         = {Rule Extraction Algorithm for Deep Neural Networks: A Review},
  author        = {Tameru Hailesilassie},
  year          = {2016},
  eprint        = {1610.05267},
  archiveprefix = {arXiv},
  primaryclass  = {cs.CV}
}

@phdthesis{Jothimurugan2023,
  title  = {Specification-Guided Reinforcement Learning},
  author = {Jothimurugan, Kishor},
  year   = {2023},
  school = {University of Pennsylvania}
}

@misc{Jothimurugan2021,
  title         = {Compositional Reinforcement Learning from Logical Specifications},
  author        = {Kishor Jothimurugan and Suguman Bansal and Osbert Bastani and Rajeev Alur},
  year          = {2021},
  eprint        = {2106.13906},
  archiveprefix = {arXiv},
  primaryclass  = {cs.LG}
}

@inproceedings{Bansal2022,
  author    = {Bansal, Suguman},
  editor    = {Singh, Gagandeep
               and Urban, Caterina},
  title     = {Specification-Guided Reinforcement Learning},
  booktitle = {Static Analysis},
  year      = {2022},
  publisher = {Springer Nature Switzerland},
  address   = {Cham},
  pages     = {3--9}
}


@misc{Lal2022,
  title         = {NN2Rules: Extracting Rule List from Neural Networks},
  author        = {G Roshan Lal and Varun Mithal},
  year          = {2022},
  eprint        = {2207.12271},
  archiveprefix = {arXiv},
  primaryclass  = {cs.LG}
}

@inproceedings{Sato2001,
  author    = {Sato, M. and Tsukimoto, H.},
  booktitle = {IJCNN'01. International Joint Conference on Neural Networks. Proceedings (Cat. No.01CH37222)},
  title     = {Rule extraction from neural networks via decision tree induction},
  year      = {2001},
  volume    = {3},
  number    = {},
  pages     = {1870-1875 vol.3},
  doi       = {10.1109/IJCNN.2001.938448}
}

@inbook{Beynier2013,
  author    = {Beynier, Aurélie and Charpillet, François and Szer, Daniel and Mouaddib, Abdel-Illah},
  publisher = {John Wiley \& Sons, Ltd},
  isbn      = {9781118557426},
  title     = {DEC-MDP/POMDP},
  booktitle = {Markov Decision Processes in Artificial Intelligence},
  chapter   = {9},
  pages     = {277-318},
  doi       = {https://doi.org/10.1002/9781118557426.ch9},
  url       = {https://onlinelibrary.wiley.com/doi/abs/10.1002/9781118557426.ch9},
  eprint    = {https://onlinelibrary.wiley.com/doi/pdf/10.1002/9781118557426.ch9},
  year      = {2013},
  keywords  = {DEC-POMDPs, decentralized Markov decision processes (DEC-MDPs), multiagent decentralized control, multiagent decision problems}
}

@article{Hubner2007,
  title     = {Developing organised multiagent systems using the MOISE+ model: programming issues at the system and agent levels},
  volume    = {1},
  issn      = {1746-1383},
  url       = {http://dx.doi.org/10.1504/IJAOSE.2007.016266},
  doi       = {10.1504/ijaose.2007.016266},
  number    = {3/4},
  journal   = {International Journal of Agent-Oriented Software Engineering},
  publisher = {Inderscience Publishers},
  author    = {Hubner,  Jomi F. and Sichman,  Jaime S. and Boissier,  Olivier},
  year      = {2007},
  pages     = {370}
}

@book{Oliehoek2016,
  author    = {Frans A. Oliehoek and
               Christopher Amato},
  title     = {A Concise Introduction to Decentralized POMDPs},
  series    = {Springer Briefs in Intelligent Systems},
  publisher = {Springer},
  year      = {2016},
  url       = {https://doi.org/10.1007/978-3-319-28929-8},
  doi       = {10.1007/978-3-319-28929-8},
  isbn      = {978-3-319-28927-4},
  timestamp = {Wed, 14 Nov 2018 10:12:19 +0100},
  biburl    = {https://dblp.org/rec/series/sbis/OliehoekA16.bib},
  bibsource = {dblp computer science bibliography, https://dblp.org}
}

@inproceedings{Ferber1998,
  author    = {Ferber, J. and Gutknecht, O.},
  booktitle = {Proceedings International Conference on Multi Agent Systems (Cat. No.98EX160)},
  title     = {A meta-model for the analysis and design of organizations in multi-agent systems},
  year      = {1998},
  volume    = {},
  number    = {},
  pages     = {128-135},
  doi       = {10.1109/ICMAS.1998.699041}
}

@inproceedings{Bernon2003,
  author    = {Bernon, Carole
               and Gleizes, Marie-Pierre
               and Peyruqueou, Sylvain
               and Picard, Gauthier},
  editor    = {Petta, Paolo
               and Tolksdorf, Robert
               and Zambonelli, Franco},
  title     = {ADELFE: A Methodology for Adaptive Multi-agent Systems Engineering},
  booktitle = {Engineering Societies in the Agents World III},
  year      = {2003},
  publisher = {Springer Berlin Heidelberg},
  address   = {Berlin, Heidelberg},
  pages     = {156--169},
  isbn      = {978-3-540-39173-9}
}

@article{Abbas2015,
  author  = {Abbas, Hosny and Shaheen, Samir and Amin, Mohammed},
  year    = {2015},
  month   = {06},
  pages   = {},
  title   = {Organization of Multi-Agent Systems: An Overview},
  journal = {International Journal of Intelligent Information Systems},
  doi     = {10.11648/j.ijiis.20150403.11}
}