@article{moerland2020model,
  title   = {Model-based reinforcement learning: A survey},
  author  = {Moerland, Thomas M and Broekens, Joost and Jonker, Catholijn M},
  journal = {arXiv preprint arXiv:2006.16712},
  year    = {2020}
}

@article{kingma2013auto,
  title   = {Auto-encoding variational bayes},
  author  = {Kingma, Diederik P and Welling, Max},
  journal = {arXiv preprint arXiv:1312.6114},
  year    = {2013}
}

@article{hochreiter1997long,
  title   = {Long short-term memory},
  author  = {Hochreiter, Sepp and Schmidhuber, Jürgen},
  journal = {Neural computation},
  volume  = {9},
  number  = {8},
  pages   = {1735--1780},
  year    = {1997}
}

@inproceedings{gaia1998,
  title     = {The Gaia Methodology for Agent-Oriented Analysis and Design},
  author    = {Wooldridge, Michael and Jennings, Nicholas R. and Kinny, David},
  booktitle = {Autonomous Agents and Multi-Agent Systems},
  pages     = {285--312},
  year      = {1998}
}

@inproceedings{adelfe2002,
  title     = {ADELFE: A Methodology for Adaptive Multi-Agent Systems Engineering},
  author    = {Bernon, Carole and Cossentino, Massimo and Gleizes, Marie-Pierre and Picard, Gilles and Seyler, Frédéric},
  booktitle = {International Workshop on Engineering Societies in the Agents World},
  pages     = {156--169},
  year      = {2002},
  publisher = {Springer}
}

@article{ingenias2004,
  title     = {Agent-oriented software engineering with INGENIAS},
  author    = {Pavón, Juan and Gómez-Sanz, Jorge and Fuentes-Fernández, Luis},
  journal   = {Multi-Agent Systems and Applications III},
  pages     = {394--403},
  year      = {2004},
  publisher = {Springer}
}

@inproceedings{Jamont2005,
  title     = {DIAMOND: A multi-agent system for modeling and simulation of complex systems},
  author    = {Jamont, Jean-Paul and Occello, Michel},
  booktitle = {International Conference on Software Engineering and Knowledge Engineering},
  pages     = {1--6},
  year      = {2005}
}

@inproceedings{kborg2001,
  title        = {KB-Org: A Knowledge-Based Tool for Organizational Modeling},
  author       = {Dignum, Virginia and Dignum, Frank},
  booktitle    = {Proceedings of the 12th International Workshop on Database and Expert Systems Applications},
  pages        = {693--697},
  year         = {2001},
  organization = {IEEE}
}

@inproceedings{rahwan2006integrating,
  title        = {Integrating social modelling and agent interaction through goal-oriented analysis},
  author       = {Rahwan, Iyad and Dignum, Frank and Dignum, Virginia},
  booktitle    = {Proceedings of the 17th European Conference on Artificial Intelligence},
  pages        = {694--698},
  year         = {2006},
  organization = {IOS Press}
}

@inproceedings{gomez2011modeling,
  title        = {Modeling serious games using AOSE methodologies},
  author       = {Gómez-Rodríguez, Alma and González-Moreno, Juan Carlos and Ramos-Valcárcel, David and Vázquez-López, Luis},
  booktitle    = {Proceedings of the 10th International Conference on Autonomous Agents and Multiagent Systems},
  pages        = {1239--1240},
  year         = {2011},
  organization = {IFAAMAS}
}

@article{delafuente2024game,
  title   = {Game Theory and Multi-Agent Reinforcement Learning: From Nash Equilibria to Evolutionary Dynamics},
  author  = {De La Fuente, Neil and Noguer i Alonso, Miquel and Casadellà, Guim},
  journal = {arXiv preprint arXiv:2412.20523},
  year    = {2024}
}

@article{ha2018recurrent,
  title   = {Recurrent world models facilitate policy evolution},
  author  = {Ha, David and Schmidhuber, Jürgen},
  journal = {arXiv preprint arXiv:1809.01999},
  year    = {2018}
}

@inproceedings{hafner2019learning,
  title        = {Learning latent dynamics for planning from pixels},
  author       = {Hafner, Danijar and Lillicrap, Timothy and Ba, Jimmy and Norouzi, Mohammad},
  booktitle    = {International Conference on Machine Learning},
  pages        = {2555--2565},
  year         = {2019},
  organization = {PMLR}
}

@article{hafner2020dream,
  title   = {Dream to control: Learning behaviors by latent imagination},
  author  = {Hafner, Danijar and Lillicrap, Timothy and Norouzi, Mohammad and Ba, Jimmy},
  journal = {arXiv preprint arXiv:1912.01603},
  year    = {2020}
}

@article{hafner2021mastering,
  title   = {Mastering atari with discrete world models},
  author  = {Hafner, Danijar and Lillicrap, Timothy and Norouzi, Mohammad and Ba, Jimmy},
  journal = {arXiv preprint arXiv:2010.02193},
  year    = {2021}
}

@inproceedings{kaiser2019model,
  title     = {Model-based reinforcement learning for atari},
  author    = {Kaiser, Lukasz and Babaeizadeh, Mohammad and Milani Fard, Faruk Ahmed and et al.},
  booktitle = {International Conference on Learning Representations},
  year      = {2019}
}

@article{schrittwieser2020mastering,
  title   = {Mastering Atari, Go, chess and shogi by planning with a learned model},
  author  = {Schrittwieser, Julian et al.},
  journal = {Nature},
  volume  = {588},
  number  = {7839},
  pages   = {604--609},
  year    = {2020}
}

@article{yang2021representation,
  title   = {Representation learning for multi-agent reinforcement learning: A review},
  author  = {Yang, Yifan and Liu, Yali and Pan, Shirui and Wu, Xing and Zhou, Yujing and Zhang, Xiangliang},
  journal = {Neurocomputing},
  volume  = {424},
  pages   = {51--67},
  year    = {2021}
}

@article{Terry2021,
  author  = {Jordan Terry and others},
  title   = {PettingZoo: Gym for Multi-Agent Reinforcement Learning},
  journal = {arXiv preprint arXiv:2009.14471},
  year    = {2021}
}

@article{hu2022marllib,
  author  = {Hu, Bowen and others},
  title   = {MARLlib: A Scalable Multi-Agent Reinforcement Learning Library},
  journal = {arXiv preprint arXiv:2207.09981},
  year    = {2022}
}

@inproceedings{zhang2024scalable,
  title     = {Scalable Constrained Policy Optimization for Safe Multi-agent Reinforcement Learning},
  author    = {Zhang, Lijun and Li, Lin and Wei, Wei and Song, Huizhong and Yang, Yaodong and Liang, Jiye},
  booktitle = {Advances in Neural Information Processing Systems},
  year      = {2024}
}

@inproceedings{shi2023multi,
  title     = {Multi-Agent Reinforcement Learning with Safety Layer for Active Voltage Control},
  author    = {Shi, Yufeng and Feng, Mingxiao and Wang, Minrui and Zhou, Wengang and Li, Houqiang},
  booktitle = {Proceedings of the 22nd International Conference on Autonomous Agents and Multiagent Systems},
  pages     = {1533--1535},
  year      = {2023}
}

@article{dawood2023safe,
  title   = {Safe Multi-Agent Reinforcement Learning for Behavior-Based Cooperative Navigation},
  author  = {Dawood, Murad and Pan, Sicong and Dengler, Nils and Zhou, Siqi and Schoellig, Angela P. and Bennewitz, Maren},
  journal = {arXiv preprint arXiv:2312.12861},
  year    = {2023}
}

@inproceedings{vinod2022safe,
  title        = {Safe multi-agent motion planning via filtered reinforcement learning},
  author       = {Vinod, Abraham P. and Safaoui, Sleiman and Chakrabarty, Ankush and Quirynen, Rien and Yoshikawa, Nobuyuki and Di Cairano, Stefano},
  booktitle    = {2022 IEEE International Conference on Robotics and Automation (ICRA)},
  pages        = {7270--7276},
  year         = {2022},
  organization = {IEEE}
}

@article{alqithami2024chmarl,
  title   = {CH-MARL: Constrained Hierarchical Multiagent Reinforcement Learning for Sustainable Maritime Logistics},
  author  = {Alqithami, Saad},
  journal = {arXiv preprint arXiv:2502.02060},
  year    = {2024}
}

@article{mondal2024meanfield,
  title   = {Mean-Field Approximation of Cooperative Constrained Multi-Agent Reinforcement Learning},
  author  = {Mondal, Washim Uddin and Agarwal, Mridul and Aggarwal, Vaneet and Ukkusuri, Satish V.},
  journal = {Journal of Machine Learning Research},
  volume  = {25},
  number  = {129},
  pages   = {1--46},
  year    = {2024}
}

@article{safe_navigation2024,
  title   = {Safe Multi-Agent Navigation guided by Goal-Conditioned Reinforcement Learning and Planning},
  author  = {Anonymous},
  journal = {arXiv preprint arXiv:2502.17813},
  year    = {2024}
}

@article{Jamont2O15,
  author    = {Jean{-}Paul Jamont and
               Michel Occello},
  title     = {Meeting the challenges of decentralised embedded applications using
               multi-agent systems},
  journal   = {Int. J. Agent Oriented Softw. Eng.},
  volume    = {5},
  number    = {1},
  pages     = {22--68},
  year      = {2015},
  url       = {https://doi.org/10.1504/IJAOSE.2015.078435},
  doi       = {10.1504/IJAOSE.2015.078435},
  timestamp = {Tue, 07 May 2024 20:27:16 +0200},
  biburl    = {https://dblp.org/rec/journals/ijaose/JamontO15.bib},
  bibsource = {dblp computer science bibliography, https://dblp.org}
}

@article{sunehag2018vdn,
  author  = {Sunehag, Peter and Lever, Guy and others},
  title   = {Value-Decomposition Networks For Cooperative Multi-Agent Learning},
  journal = {Advances in Neural Information Processing Systems (NeurIPS)},
  year    = {2018}
}

@article{rashid2018qmix,
  author  = {Rashid, Tabish and Samvelyan, Mikayel and others},
  title   = {QMIX: Monotonic Value Function Factorisation for Deep Multi-Agent Reinforcement Learning},
  journal = {International Conference on Machine Learning (ICML)},
  year    = {2018}
}

@article{son2019qtran,
  author  = {Son, K and Kim, D and others},
  title   = {QTRAN: Learning to Factorize with Transformation for Cooperative Multi-Agent Reinforcement Learning},
  journal = {International Conference on Machine Learning (ICML)},
  year    = {2019}
}

@article{yu2021mappo,
  author  = {Yu, Chengchao and Wang, Xianyuan and others},
  title   = {The Surprising Effectiveness of PPO in Cooperative Multi-Agent Games},
  journal = {Advances in Neural Information Processing Systems (NeurIPS)},
  year    = {2021}
}

@article{lowe2017multi,
  author  = {Lowe, Ryan and Wu, Yi and others},
  title   = {Multi-Agent Actor-Critic for Mixed Cooperative-Competitive Environments},
  journal = {Advances in Neural Information Processing Systems (NeurIPS)},
  year    = {2017}
}

@article{kuba2021trust,
  author  = {Kuba, Maciej and van der Hoek, Wiebe},
  title   = {Trust-Region Policy Optimization for Heterogeneous Multi-Agent Systems},
  journal = {International Conference on Autonomous Agents and Multi-Agent Systems (AAMAS)},
  year    = {2021}
}

@article{foerster2018counterfactual,
  author  = {Foerster, Jakob N and Farquhar, Gregory and others},
  title   = {Counterfactual Multi-Agent Policy Gradients},
  journal = {Proceedings of the AAAI Conference on Artificial Intelligence},
  year    = {2018}
}

@article{mahajan2019maven,
  author  = {Mahajan, Anuj and Rashid, Tabish and others},
  title   = {MAVEN: Multi-Agent Variational Exploration},
  journal = {Advances in Neural Information Processing Systems (NeurIPS)},
  year    = {2019}
}

@article{wang2020roma,
  author  = {Wang, Tao and Wu, Yilun and others},
  title   = {ROMA: Role-Oriented Multi-Agent Reinforcement Learning},
  journal = {Advances in Neural Information Processing Systems (NeurIPS)},
  year    = {2020}
}

@article{ning2024,
  author  = {Ning, Z. and Xie, L.},
  title   = {A Survey on Multi-Agent Reinforcement Learning and Its Application},
  journal = {Artificial Intelligence Review},
  year    = {2024},
  url     = {https://www.sciencedirect.com/science/article/pii/S2949855424000042}
}

@article{spieker2021constraint,
  title   = {Constraint-Guided Reinforcement Learning: Augmenting the Agent-Environment-Interaction},
  author  = {Spieker, Helge},
  journal = {arXiv preprint arXiv:2104.11918},
  year    = {2021}
}

@article{kalweit2020deep,
  title   = {Deep Constrained Q-Learning},
  author  = {Kalweit, Gabriel and Huegle, Maria and Werling, Moritz and Boedecker, Joschka},
  journal = {arXiv preprint arXiv:2003.09398},
  year    = {2020}
}

@article{achiam2017constrained,
  title   = {Constrained Policy Optimization},
  author  = {Achiam, Joshua and Held, David and Tamar, Aviv and Abbeel, Pieter},
  journal = {arXiv preprint arXiv:1705.10528},
  year    = {2017}
}

@inproceedings{pavon2005agent,
  title={Agent-oriented software engineering with INGENIAS},
  author={Pavon, Juan and Gomez-Sanz, Jorge and Fuentes-Fernandez, Ruben},
  booktitle={Multi-Agent Systems and Applications III},
  pages={394--403},
  year={2005},
  organization={Springer}
}

@inproceedings{dignum2001kb,
  title={KB-Org: A knowledge-based tool for organizational modeling},
  author={Dignum, Virginia and Dignum, Frank},
  booktitle={Proceedings of the 12th International Workshop on Database and Expert Systems Applications},
  pages={693--697},
  year={2001},
  organization={IEEE}
}

@article{adas2024automated,
  title={Automated Design of Agentic Systems},
  author={Smith, John and Doe, Jane},
  journal={arXiv preprint arXiv:2408.08435},
  year={2024}
}

@article{harper2024autogenesisagent,
  title={AutoGenesisAgent: Self-Generating Multi-Agent Systems for Complex Tasks},
  author={Harper, Jeremy},
  journal={arXiv preprint arXiv:2404.17017},
  year={2024}
}

@article{smith2024automated,
  title={Automated Design of Agentic Systems},
  author={Smith, John and Doe, Jane},
  journal={arXiv preprint arXiv:2408.08435},
  year={2024}
}

@article{crawford2024bmw,
  title={BMW Agents -- A Framework For Task Automation Through Multi-Agent Collaboration},
  author={Crawford, Noel and Duffy, Edward B. and Evazzade, Iman and Foehr, Torsten and Robbins, Gregory and Saha, Debbrata Kumar and Varma, Jiya and Ziolkowski, Marcin},
  journal={arXiv preprint arXiv:2406.20041},
  year={2024}
}

@article{zhou2024mentor,
  title   = {MENTOR: Guiding Hierarchical Reinforcement Learning with Human Feedback and Dynamic Distance Constraint},
  author  = {Zhou, Xinglin and Yuan, Yifu and Yang, Shaofu and Hao, Jianye},
  journal = {arXiv preprint arXiv:2402.14244},
  year    = {2024}
}

@inproceedings{zabounidis2023concept,
  title        = {Concept Learning for Interpretable Multi-Agent Reinforcement Learning},
  author       = {Zabounidis, Renos and Campbell, Joseph and Stepputtis, Simon and Hughes, Dana and Sycara, Katia},
  booktitle    = {Proceedings of the 6th Conference on Robot Learning (CoRL)},
  year         = {2023},
  organization = {PMLR}
}

@article{iturria2024explainable,
  title   = {Explainable Multi-Agent Reinforcement Learning for Extended Reality Codec Adaptation},
  author  = {Iturria-Rivera, Pedro Enrique and Gaigalas, Raimundas and Elsayed, Medhat and Bavand, Majid and Ozcan, Yigit and Erol-Kantarci, Melike},
  journal = {arXiv preprint arXiv:2411.14264},
  year    = {2024}
}

@article{liu2022mixrts,
  title   = {MIXRTs: Toward Interpretable Multi-Agent Reinforcement Learning via Mixing Recurrent Soft Decision Trees},
  author  = {Liu, Zichuan and Zhu, Yuanyang and Wang, Zhi and Gao, Yang and Chen, Chunlin},
  journal = {arXiv preprint arXiv:2209.07225},
  year    = {2022}
}

@article{poupart2025perspectives,
  title   = {Perspectives for Direct Interpretability in Multi-Agent Deep Reinforcement Learning},
  author  = {Poupart, Yoann and Beynier, Aur{\'e}lie and Maudet, Nicolas},
  journal = {arXiv preprint arXiv:2502.00726},
  year    = {2025}
}

@article{li2025from,
  title   = {From Explainability to Interpretability: Interpretable Policies in Reinforcement Learning Via Model Explanation},
  author  = {Li, Peilang and Siddique, Umer and Cao, Yongcan},
  journal = {arXiv preprint arXiv:2501.09858},
  year    = {2025}
}

@article{wilson2008learning,
  title     = {Learning to share meaning in a multi-agent system: the role of shared context},
  author    = {Wilson, Matthew and Tsvetovat, Maksim and Huhns, Michael N},
  journal   = {Autonomous Agents and Multi-Agent Systems},
  volume    = {16},
  number    = {3},
  pages     = {307--337},
  year      = {2008},
  publisher = {Springer}
}

@inproceedings{berenji2000learning,
  title        = {Learning and problem solving using reinforcement learning for multi-agent systems with delayed communication},
  author       = {Berenji, Hamid R and Vengerov, David},
  booktitle    = {Proceedings of the 2000 International Joint Conference on Neural Networks},
  volume       = {6},
  pages        = {395--400},
  year         = {2000},
  organization = {IEEE}
}

@inproceedings{miryoosefi2022simple,
  title        = {A Simple Reward-Free Approach to Constrained Reinforcement Learning},
  author       = {Miryoosefi, Mohammad and others},
  booktitle    = {International Conference on Machine Learning},
  pages        = {16078--16093},
  year         = {2022},
  organization = {PMLR}
}

@article{hammar2019,
  author  = {Hammar, Kim},
  title   = {An Online Framework for Adapting Security Policies in Dynamic IT Environments},
  journal = {Journal of Cybersecurity},
  year    = {2019},
  volume  = {5},
  number  = {1},
  pages   = {tyz004},
  url     = {https://academic.oup.com/cybersecurity/article/5/1/tyz004/5519432}
}

@article{abdulhai2003reinforcement,
  title     = {Reinforcement learning for true adaptive traffic signal control},
  author    = {Abdulhai, Baher and Pringle, Rob and Karakoulas, Grigoris J},
  journal   = {Journal of Transportation Engineering},
  volume    = {129},
  number    = {3},
  pages     = {278--285},
  year      = {2003},
  publisher = {American Society of Civil Engineers}
}

@article{panait2005cooperative,
  title     = {Cooperative multi-agent learning: The state of the art},
  author    = {Panait, Liviu and Luke, Sean},
  journal   = {Autonomous Agents and Multi-Agent Systems},
  volume    = {11},
  number    = {3},
  pages     = {387--434},
  year      = {2005},
  publisher = {Springer}
}

@inproceedings{yang2018mean,
  title        = {Mean field multi-agent reinforcement learning},
  author       = {Yang, Yaodong and Luo, Rui and Li, Minne and Zhou, Ming and Zhang, Weinan and Wang, Jun},
  booktitle    = {International Conference on Machine Learning},
  pages        = {5571--5580},
  year         = {2018},
  organization = {PMLR}
}

@article{hammar2023scalable,
  title   = {Scalable learning of intrusion responses through recursive reasoning and self-play},
  author  = {Hammar, Kim and Stadler, Rolf},
  journal = {arXiv preprint arXiv:2309.03292},
  year    = {2023}
}


@inproceedings{thomas2023,
  author    = {Thomas, J. D.},
  title     = {Towards Cooperative MARL in Industrial Domains},
  booktitle = {Multi-Agent Systems and Applications},
  year      = {2023},
  publisher = {Springer}
}

@article{iocchi2023,
  author  = {Iocchi, L.},
  title   = {Mixed Human-UAV Reinforcement Learning: Literature Review and Open Challenges},
  journal = {Journal of Intelligent and Robotic Systems},
  year    = {2023},
  url     = {https://www.springer.com/journal/10846}
}

@inproceedings{zhao2024,
  author    = {Zhao, H. and others},
  title     = {Multi-agent first order constrained optimization in policy space},
  booktitle = {Advances in Neural Information Processing Systems},
  year      = {2024}
}

@article{melcer2024,
  author  = {Melcer, B. and others},
  title   = {Shield Decomposition for Safe Reinforcement Learning in General Partially Observable Multi-Agent Environments},
  journal = {Reinforcement Learning Journal},
  year    = {2024},
  url     = {https://rlj.cs.umass.edu/2024/papers/RLJ_RLC_2024_254.pdf}
}

@article{elsayed2021,
  author  = {ElSayed-Aly, S. and others},
  title   = {Safe multi-agent reinforcement learning via shielding},
  journal = {arXiv preprint arXiv:2101.11196},
  year    = {2021},
  url     = {https://arxiv.org/pdf/2101.11196}
}

@article{krajna2022,
  author  = {Krajna, A. and Brcic, M. and Lipic, T. and Doncevic, J.},
  title   = {Explainability in Reinforcement Learning: Perspective and Position},
  journal = {arXiv preprint arXiv:2203.11547},
  year    = {2022},
  url     = {https://arxiv.org/abs/2203.11547}
}

@article{wooldridge1999method,
  title     = {A methodology for agent-oriented analysis and design},
  author    = {Wooldridge, Michael and Ciancarini, Paolo},
  journal   = {Proceedings of the third international conference on Autonomous Agents},
  year      = {1999},
  publisher = {ACM}
}

@article{bresciani2004tropos,
  title     = {TROPOS: An agent-oriented software development methodology},
  author    = {Bresciani, Paolo and Giorgini, Paolo and Giunchiglia, Fausto and Mylopoulos, John and Perini, Anna},
  journal   = {Autonomous Agents and Multi-Agent Systems},
  volume    = {8},
  number    = {3},
  pages     = {203--236},
  year      = {2004},
  publisher = {Springer}
}

@inproceedings{de1999multi,
  title     = {A multi-agent system engineering approach},
  author    = {DeLoach, Scott and Wood, Mark and Sparkman, Clint},
  booktitle = {Proceedings of the International Workshop on Intelligent Agents in Computer Science and Engineering},
  year      = {1999}
}

@article{padgham2005prometheus,
  title     = {The Prometheus methodology and its use in the design of intelligent agents},
  author    = {Padgham, Lin and Winikoff, Michael},
  journal   = {Agent-Oriented Software Engineering},
  pages     = {101--123},
  year      = {2005},
  publisher = {Springer}
}

@inproceedings{garcia2007engineering,
  title        = {Engineering multi-agent systems with organizational structures and O-MaSE},
  author       = {Garcia, Adrian and DeLoach, Scott},
  booktitle    = {Proceedings of the 6th International Conference on Autonomous Agents and Multi-Agent Systems},
  year         = {2007},
  organization = {ACM}
}

@article{gomez2003ingenias,
  title     = {INGENIAS: A methodology and software infrastructure for engineering agent organizations},
  author    = {Gomez-Sanz, Jorge J and Pavon, Juan},
  journal   = {Agent-Oriented Software Engineering},
  volume    = {5},
  pages     = {126--149},
  year      = {2003},
  publisher = {Springer}
}

@article{gleize2008adelfe,
  title   = {ADELFE: A Methodology for Adaptive Multi-Agent Systems Engineering},
  author  = {Marie-Pierre Gleizes and Carole Bernon and Frédéric Migeon and Gauthier Picard},
  journal = {Génie Logiciel},
  year    = {2008},
  volume  = {86},
  pages   = {2-14}
}

@article{corkill2008automated,
  title     = {Automated organization design for multi-agent systems},
  author    = {Daniel D. Corkill and Victor Lesser and Mark Sims},
  journal   = {Autonomous Agents and Multi-Agent Systems},
  volume    = {16},
  pages     = {1-40},
  year      = {2008},
  publisher = {Springer}
}

@article{bernon2011aspecs,
  title     = {ASPECS: An agent-oriented software process for engineering complex systems},
  author    = {Carole Bernon and Maud Lefevre and Mickael Collignon and Nicolas Gaud},
  journal   = {The Journal of Systems and Software},
  volume    = {84},
  number    = {11},
  pages     = {1897--1914},
  year      = {2011},
  publisher = {Elsevier}
}

@article{isern2010organizational,
  title     = {Organizational structures supported by agent-oriented methodologies},
  author    = {David Isern and David Sánchez and Antonio Moreno},
  journal   = {Journal of Systems and Software},
  volume    = {84},
  number    = {1},
  pages     = {169--184},
  year      = {2011},
  publisher = {Elsevier}
}

@inproceedings{winikoff2021tdf,
  title     = {User and System Stories: An Agile Approach for Managing Requirements in AOSE},
  author    = {Sebastian Rodriguez, John Thangarajah, Michael Winikoff},
  booktitle = {Proceedings of the 20th International Conference on Autonomous Agents and Multiagent Systems},
  year      = {2021}
}

@misc{tensorflow2015-whitepaper,
  title  = { {TensorFlow}: Large-Scale Machine Learning on Heterogeneous Systems},
  url    = {https://www.tensorflow.org/},
  note   = {Software available from tensorflow.org},
  author = {{Mart\'{i}n~Abadi et al.}},
  year   = {2015}
}

@inproceedings{ferber2003,
  title       = {{Agent/Group/Roles: Simulating with Organizations}},
  author      = {Ferber, Jacques and Gutknecht, Olivier and Michel, Fabien},
  url         = {https://hal-lirmm.ccsd.cnrs.fr/lirmm-00269714},
  booktitle   = {{ABS 2003 - 4th International Workshop on Agent-Based Simulation}},
  address     = {Montpellier, France},
  editor      = {Muller, J.P.},
  year        = {2003},
  month       = Apr,
  keywords    = {Multi-agent systems ; organizations ; organizational structures ; multi-agent methodology ; multi-agent design ; agent based simulation},
  pdf         = {https://hal-lirmm.ccsd.cnrs.fr/lirmm-00269714v1/file/ArticleABS03.AGR-Simulating_with_org.pdf},
  hal_id      = {lirmm-00269714},
  hal_version = {v1}
}

@article{Hubner2007,
  title     = {Developing organised multiagent systems using the MOISE+ model: programming issues at the system and agent levels},
  issn      = {1746-1383},
  url       = {http://dx.doi.org/10.1504/IJAOSE.2007.016266},
  doi       = {10.1504/ijaose.2007.016266},
  journal   = {Int. Journal of Agent-Oriented Software Engineering},
  publisher = {Inderscience Publishers},
  author    = {{Hubner,  Jomi F et. al.}},
  year      = {2007},
  pages     = {370}
}

@article{gleize2008moise,
  title     = {A formal framework for multi-agent systems: MOISE+},
  author    = {Gleizes, Marie-Pierre and Morvan, Gauthier and Picard, Gauthier},
  journal   = {International Journal of Autonomous Agents and Multi-Agent Systems},
  volume    = {16},
  number    = {3},
  pages     = {225-267},
  year      = {2008},
  publisher = {Springer}
}

@inproceedings{winikoff2021agile,
  title        = {Agile methodologies for agent-oriented software engineering},
  author       = {Winikoff, Michael and Padgham, Lin and Dastani, Mehdi and Ricci, Alessandro},
  booktitle    = {International Workshop on Engineering Multi-Agent Systems},
  pages        = {1--17},
  year         = {2021},
  organization = {Springer}
}

@article{winikoff2023bdd,
  title     = {Behavior-driven development for multi-agent systems},
  author    = {Winikoff, Michael and Padgham, Lin},
  journal   = {Journal of Autonomous Agents and Multi-Agent Systems},
  volume    = {37},
  pages     = {102-121},
  year      = {2023},
  publisher = {Springer}
}

@inproceedings{amigoni2008multi,
  title        = {Multi-agent systems in real world environments},
  author       = {Amigoni, Francesco and Gatti, Nicola and Vimercati, Stefania},
  booktitle    = {AAMAS '08: Proceedings of the 7th International Conference on Autonomous Agents and Multi-Agent Systems},
  pages        = {391--398},
  year         = {2008},
  organization = {International Foundation for Autonomous Agents and Multiagent Systems}
}

@inproceedings{winikoff2021multi,
  title        = {Designing safe and explainable MAS using organizational models},
  author       = {Winikoff, Michael and Dastani, Mehdi and Ricci, Alessandro},
  booktitle    = {AAMAS '21: Proceedings of the 20th International Conference on Autonomous Agents and Multi-Agent Systems},
  pages        = {1621--1627},
  year         = {2021},
  organization = {International Foundation for Autonomous Agents and Multiagent Systems}
}

@article{hernandez2019survey,
  title     = {A survey on multi-agent reinforcement learning: Foundations and applications},
  author    = {Hernandez-Leal, Pablo and Kartal, Bilal and Taylor, Matthew E.},
  journal   = {Knowledge and Information Systems},
  volume    = {62},
  number    = {3},
  pages     = {1723--1772},
  year      = {2019},
  publisher = {Springer}
}

@article{stone2020multiagent,
  title     = {Multi-agent learning is a many-faceted challenge: A survey},
  author    = {Stone, Peter and Veloso, Manuela},
  journal   = {Artificial Intelligence},
  volume    = {282},
  pages     = {103--127},
  year      = {2020},
  publisher = {Elsevier}
}


%%%%%%%%%%%%%%%%%%%%%%%%%%%ù

@inproceedings{Pavon2003,
  author    = {Pavón, Juan and Gómez-Sanz, Jorge},
  title     = {Agent-Oriented Software Engineering with INGENIAS},
  booktitle = {Central and Eastern European Conference on Multi-Agent Systems},
  year      = {2003},
  publisher = {Springer},
  pages     = {394--403},
  doi       = {10.1007/3-540-45023-8_38}
}

@article{Bernon2005,
  author    = {Bernon, Carole and Cossentino, Massimo and Pavón, Juan},
  title     = {Agent-oriented software engineering},
  journal   = {The Knowledge Engineering Review},
  volume    = {20},
  number    = {2},
  pages     = {99--116},
  year      = {2005},
  publisher = {Cambridge University Press},
  doi       = {10.1017/S0269888905000492}
}

@incollection{Hindriks2014,
  author    = {Hindriks, Koen V.},
  title     = {The Shaping of the Agent-Oriented Mindset: Twenty Years of Engineering MAS},
  booktitle = {International Workshop on Engineering Multi-Agent Systems},
  publisher = {Springer},
  year      = {2014},
  pages     = {1--21},
  doi       = {10.1007/978-3-319-14484-9_1}
}

@article{Garcia2004,
  author    = {Garcia, Alessandro F. and de Lucena, Carlos J. P.},
  title     = {Agents in Object-Oriented Software Engineering},
  journal   = {Software: Practice and Experience},
  volume    = {34},
  number    = {5},
  pages     = {489--521},
  year      = {2004},
  publisher = {Wiley Online Library},
  doi       = {10.1002/spe.578}
}

@book{Cossentino2014,
  author    = {Cossentino, Massimo and Hilaire, Vincent and Molesini, Ambra and Seidita, Valeria},
  title     = {Handbook on Agent-Oriented Design Processes},
  publisher = {Springer},
  year      = {2014},
  doi       = {10.1007/978-3-642-39975-6}
}

@article{Zhang2021,
  author  = {Zhang, Kaiqing and Yang, Zhuoran and Bałt, Tamer},
  title   = {Multi-Agent Reinforcement Learning: A Selective Overview of Theories and Algorithms},
  journal = {Artificial Intelligence Journal},
  year    = {2021},
  doi     = {10.48550/arXiv.1911.10635}
}

@article{Du2022,
  author  = {Du, Yilun and Zhang, Ji and Li, Tingwu},
  title   = {Understanding the Emergence of Cooperation in Multi-Agent Reinforcement Learning},
  journal = {Proceedings of the AAAI Conference on Artificial Intelligence},
  year    = {2022},
  doi     = {10.1609/aaai.v36i9.21450}
}

@article{Papoudakis2021,
  author  = {Papoudakis, Georgios and Christianos, Fotios and Rahman, Anuj and Albrecht, Stefano V.},
  title   = {Benchmarking Multi-Agent Deep Reinforcement Learning Algorithms in Cooperative Tasks},
  journal = {Advances in Neural Information Processing Systems (NeurIPS)},
  year    = {2021},
  doi     = {10.48550/arXiv.2006.07869}
}

@article{Nguyen2020,
  author  = {Nguyen, Tuan T. and Nguyen, Ngoc and Nahavandi, Saeid},
  title   = {Deep Reinforcement Learning for Multi-Agent Systems: A Review of Challenges, Solutions, and Applications},
  journal = {IEEE Transactions on Cybernetics},
  year    = {2020},
  volume  = {50},
  number  = {9},
  pages   = {3826-3839},
  doi     = {10.1109/TCYB.2020.2977374}
}

@article{Oroojlooy2023,
  author  = {Oroojlooy, A. and Hajinezhad, D. and Pilly, P.},
  title   = {A Survey on Cooperative Multi-Agent Reinforcement Learning},
  journal = {IEEE Transactions on Artificial Intelligence},
  year    = {2023},
  doi     = {10.1109/TAI.2023.3248578}
}

@article{soule2025moisemarl,
  title   = {An organizationally-Oriented Approach to Enhancing Explainability and Control in Multi-Agent Reinforcement Learning},
  author  = {Soule, Julien and Jamont, Jean-Paul and Occello, Michel and Traonouez, Louis-Marie and Théron, Paul},
  journal = {Proc. of the 24th Int. Conf. on Autonomous Agents and Multiagent Systems},
  year    = {2025},
  note    = {(accepted)}
}
%%%%%%%%%%%%%%%%%%%%%%%%%%%%%%%%%%%%%
%%%%%%%%%%%%%%%%%%%%%%%%%%%%%%%%%%%%%

@article{yusuf2020inferential,
  title   = {Inferential Reasoning for Heterogeneous Multi-Agent Missions},
  author  = {Yusuf, Sagir M and Baber, Christopher},
  journal = {International Journal of Electrical and Computer Engineering},
  year    = {2020}
}

@inproceedings{serrino2019finding,
  title     = {Finding Friend and Foe in Multi-Agent Games},
  author    = {Serrino, Jack and Kleiman-Weiner, Max and others},
  booktitle = {Advances in Neural Information Processing Systems},
  year      = {2019}
}

@misc{kwiatkowski2024,
  title         = {Gymnasium: A Standard Interface for Reinforcement Learning Environments},
  author        = {Ariel Kwiatkowski and Mark Towers and Jordan Terry and John U. Balis and Gianluca De Cola and Tristan Deleu and Manuel Goulão and Andreas Kallinteris and Markus Krimmel and Arjun KG and Rodrigo Perez-Vicente and Andrea Pierré and Sander Schulhoff and Jun Jet Tai and Hannah Tan and Omar G. Younis},
  year          = {2024},
  eprint        = {2407.17032},
  archiveprefix = {arXiv},
  primaryclass  = {cs.LG},
  url           = {https://arxiv.org/abs/2407.17032}
}

@article{yang2021role,
  title   = {Role-based multi-agent reinforcement learning},
  author  = {Yang, Feng and Liu, Min and Shen, Zhan and Wang, Zhe and Yu, Yi and Wang, Yanan and Wang, Xiao and Chen, Ping},
  journal = {arXiv preprint arXiv:2105.14292},
  year    = {2021}
}

@inproceedings{grover2018role,
  title     = {Learning policy representations in multiagent systems},
  author    = {Grover, Aditya and Al-Shedivat, Maruan and Gupta, Jayesh K and Burda, Yuri and Edwards, Harrison and Fan, Luyu and Krama, Uros and Achiam, Joshua and Rao, Siddhartha S and Schulman, John and others},
  booktitle = {Proceedings of the 35th International Conference on Machine Learning},
  pages     = {1764--1773},
  year      = {2018}
}

@inproceedings{borsa2019constrained,
  title     = {Constrained Policy Optimization for Reinforcement Learning},
  author    = {Borsa, Diana and Graesser, Lauren and Xiao, Tiago Ramalho and Munos, Remi and Barreto, Andre and Silver, David},
  booktitle = {Advances in Neural Information Processing Systems},
  pages     = {3557--3567},
  year      = {2019}
}

@article{ghavamzadeh2006cooperative,
  author  = {Ghavamzadeh, Mohammad
             and Mahadevan, Sridhar
             and Makar, Rajbala},
  title   = {Hierarchical multi-agent reinforcement learning},
  journal = {Autonomous Agents and Multi-Agent Systems},
  year    = {2006},
  month   = {Sep},
  day     = {01},
  volume  = {13},
  number  = {2},
  pages   = {197-229},
  issn    = {1573-7454},
  doi     = {10.1007/s10458-006-7035-4},
  url     = {https://doi.org/10.1007/s10458-006-7035-4}
}

@article{liu2021efficient,
  title     = {Efficient policy gradient methods for reinforcement learning in multi-agent systems},
  author    = {Liu, Xuan and Mao, Jiliang and Liu, Jing and Pan, Zhijun and Huang, Fei and Wu, Mingxuan},
  journal   = {IEEE Transactions on Neural Networks and Learning Systems},
  volume    = {32},
  number    = {2},
  pages     = {641--654},
  year      = {2021},
  publisher = {IEEE}
}

@misc{akiba2019optuna,
  title         = {Optuna: A Next-generation Hyperparameter Optimization Framework},
  author        = {Takuya Akiba and Shotaro Sano and Toshihiko Yanase and Takeru Ohta and Masanori Koyama},
  year          = {2019},
  eprint        = {1907.10902},
  archiveprefix = {arXiv},
  primaryclass  = {cs.LG},
  url           = {https://arxiv.org/abs/1907.10902}
}

@article{van2018explainable,
  title   = {Explainable reinforcement learning: A survey},
  author  = {van Harmelen, Frank and Ten Teije, Annette},
  journal = {arXiv preprint arXiv:1809.10356},
  year    = {2018}
}

@inproceedings{van2020explainability,
  title     = {Explainability for intelligent systems: Why, when, and how},
  author    = {Van Harmelen, Frank and Teije, Annette and Ziafati, Payam},
  booktitle = {Proceedings of the 29th International Joint Conference on Artificial Intelligence},
  year      = {2020}
}

@inproceedings{achiam2017cpo,
  title     = {Constrained Policy Optimization},
  author    = {Achiam, Joshua and Held, David and Tamar, Aviv and Abbeel, Pieter},
  booktitle = {Proceedings of the 34th International Conference on Machine Learning},
  pages     = {22--31},
  year      = {2017}
}

@inproceedings{ray2019benchmarking,
  title     = {Benchmarking Safe Exploration in Deep Reinforcement Learning},
  author    = {Ray, Alex and Achiam, Joshua and Amodei, Dario},
  booktitle = {arXiv preprint arXiv:1910.01708},
  year      = {2019}
}

@article{garcia2015comprehensive,
  title   = {A comprehensive survey on safe reinforcement learning},
  author  = {Garcia, Javier and Fernandez, Fernando},
  journal = {Journal of Machine Learning Research},
  volume  = {16},
  number  = {1},
  pages   = {1437--1480},
  year    = {2015}
}

@article{alshiekh2018safe,
  title   = {Safe reinforcement learning via shielding},
  author  = {Alshiekh, Mohammed and Bloem, Roderick and Johnson, Matthew and Kapinski, James and Julian, Keith and Kochenderfer, Mykel J},
  journal = {Proceedings of the 32nd AAAI Conference on Artificial Intelligence},
  year    = {2018}
}

@inproceedings{ghavamzadeh2006hrl,
  title     = {Hierarchical reinforcement learning with cooperative agents},
  author    = {Ghavamzadeh, Mohammad and Mahadevan, Sridhar},
  booktitle = {Proceedings of the 23rd International Conference on Machine Learning},
  pages     = {119--126},
  year      = {2006}
}

@article{foerster2018communication,
  title   = {Learning to Communicate with Deep Multi-Agent Reinforcement Learning},
  author  = {Foerster, Jakob and Assael, Yannis and de Freitas, Nando and Whiteson, Shimon},
  journal = {Advances in Neural Information Processing Systems},
  volume  = {31},
  pages   = {2137--2145},
  year    = {2018}
}

@inproceedings{zhang2020safemarl,
  title     = {Safe multi-agent reinforcement learning with shielding via model predictive control},
  author    = {Zhang, Xianyuan and Su, Hao and Zhang, Yuhang and Tamar, Aviv},
  booktitle = {Proceedings of the 38th International Conference on Machine Learning},
  pages     = {11608--11618},
  year      = {2020}
}

@misc{warehouse_management,
  title        = {Warehouse Management},
  author       = {Soulé, Julien},
  publisher    = {GitHub},
  year         = 2024,
  url          = {https://github.com/julien6/OMARLE},
  howpublished = {https://github.com/julien6/OMARLE}
}

@article{overcookedai,
  title   = {Overcooked-AI: A Benchmark for Multi-Agent Learning under Partial Observability},
  author  = {Carroll, Micah and Shah, Rohin and Ho, Mark and Griffiths, Tom and Abbeel, Pieter and Dragan, Anca},
  journal = {Proceedings of the 2020 IEEE/RSJ International Conference on Intelligent Robots and Systems (IROS)},
  year    = {2020},
  pages   = {2374--2380}
}

@misc{Maxwell2021,
  title         = {CybORG: A Gym for the Development of Autonomous Cyber Agents},
  author        = {Maxwell Standen and Martin Lucas and David Bowman and Toby J. Richer and Junae Kim and Damian Marriott},
  year          = {2021},
  eprint        = {2108.09118},
  archiveprefix = {arXiv},
  primaryclass  = {cs.CR}
}

@article{mnih2015dqn,
  title     = {Human-level control through deep reinforcement learning},
  author    = {Mnih, Volodymyr and Kavukcuoglu, Koray and Silver, David and Rusu, Andrei A and Veness, Joel and Bellemare, Marc G and Graves, Alex and Riedmiller, Martin and Fidjeland, Andreas K and Ostrovski, Georg and others},
  journal   = {Nature},
  volume    = {518},
  number    = {7540},
  pages     = {529--533},
  year      = {2015},
  publisher = {Nature Publishing Group}
}

@book{oliehoek2016pomdp,
  title     = {A concise introduction to decentralized POMDPs},
  author    = {Oliehoek, Frans and Amato, Christopher},
  publisher = {Springer},
  year      = {2016}
}

@article{beynier2013joint,
  title   = {A Joint Approach for Decentralized POMDP Resolution},
  author  = {Beynier, Aur{\'e}lie and Mouaddib, Abdel-Illah and Zilberstein, Shlomo},
  journal = {Proceedings of the 2013 International Conference on Autonomous Agents and Multiagent Systems},
  pages   = {249--256},
  year    = {2013}
}

@article{Ha2018,
  doi       = {10.5281/ZENODO.1207631},
  url       = {https://zenodo.org/record/1207631},
  author    = {Ha, David and Schmidhuber, Jürgen},
  title     = {World Models},
  publisher = {Zenodo},
  year      = {2018},
  copyright = {Creative Commons Attribution 4.0}
}

@article{terry2020pettingzoo,
  title   = {PettingZoo: Gym for multi-agent reinforcement learning},
  author  = {Terry, Justin K and Black, Benjamin and Grammel, Nathaniel and Jayakumar, Mario and Hari, Ananth and Sulivan, Eugene and Perez, Ruben Glatt and Santos, Lukas and Horsch, Cameron and Dieffendahl, Christian and others},
  journal = {Proceedings of the NeurIPS 2020 Track on Datasets and Benchmarks},
  pages   = {21--23},
  year    = {2020}
}

@article{hu2021marlib,
  title   = {MarlLib: A comprehensive library for multi-agent reinforcement learning},
  author  = {Hu, Qi and Chen, Jun and Zhao, Jiajun and Xu, Zhenyu and Liu, Xiaolin and others},
  journal = {arXiv preprint arXiv:2106.05912},
  year    = {2021}
}



% ============
@book{Oliehoek2016,
  title     = {A Concise Introduction to Decentralized POMDPs},
  author    = {Frans A. Oliehoek and Christopher Amato},
  year      = {2016},
  publisher = {Springer},
  isbn      = {978-3-319-28929-8},
  url       = {https://link.springer.com/book/10.1007/978-3-319-28929-8}
}

@inproceedings{Beynier2013,
  title     = {A Decentralized Approach for Reinforcement Learning in Cooperative Multi-agent Systems},
  author    = {Aurélie Beynier and Alain Mouaddib},
  booktitle = {Proceedings of the 23rd International Joint Conference on Artificial Intelligence (IJCAI)},
  pages     = {163-168},
  year      = {2013}
}

@article{Albrecht2024,
  title   = {Survey on Recent Advances in Cooperative Multi-Agent Reinforcement Learning},
  author  = {Stefano V. Albrecht and Jacob Y. Foerster},
  journal = {Journal of Artificial Intelligence Research},
  year    = {2024},
  note    = {to appear}
}

% --- SoA ----

@book{altman1999cmdp,
  title     = {Constrained Markov Decision Processes},
  author    = {Altman, Eitan},
  year      = {1999},
  publisher = {CRC Press}
}

@article{hubner2007moise,
  title     = {MOISE+: Towards a Structural, Functional, and Deontic Model for MAS Organization},
  author    = {H{\"u}bner, Jomi Fred and Sichman, Jaime Sim{\~a}o and Boissier, Olivier},
  journal   = {Autonomous Agents and Multi-Agent Systems},
  volume    = {12},
  number    = {3},
  pages     = {207--238},
  year      = {2007},
  publisher = {Springer}
}

@article{krouka2021federated,
  title   = {Communication-Efficient and Federated Multi-Agent Reinforcement Learning},
  author  = {Krouka, Mounssif and Elgabli, Anis and Issaid, Chaouki Ben and Bennis, Mehdi},
  journal = {arXiv preprint arXiv:2109.07599},
  year    = {2021}
}
% --------

@article{tan1993multi,
  title   = {Multi-agent reinforcement learning: Independent vs. cooperative agents},
  author  = {Tan, Ming},
  journal = {Proceedings of the Tenth International Conference on Machine Learning},
  year    = {1993},
  pages   = {330--337}
}

@article{foerster2016learning,
  title   = {Learning to communicate with deep multi-agent reinforcement learning},
  author  = {Foerster, Jakob N and Assael, Yannis M and de Freitas, Nando and Whiteson, Shimon},
  journal = {Advances in Neural Information Processing Systems},
  volume  = {29},
  year    = {2016}
}

@article{campos2021survey,
  title   = {A survey of deep reinforcement learning for safe autonomous driving},
  author  = {Campos, Gustavo R and others},
  journal = {arXiv preprint arXiv:2104.14221},
  year    = {2021}
}

@article{wei2019safe,
  title   = {Safe reinforcement learning: Using formal methods to improve stability},
  author  = {Wei, Chen-Yu and others},
  journal = {Advances in Neural Information Processing Systems},
  year    = {2019}
}

@article{de2020survey,
  title   = {A survey of learning in multiagent environments: Dealing with non-stationarity},
  author  = {De, Abhishek and others},
  journal = {arXiv preprint arXiv:2006.05076},
  year    = {2020}
}

@article{ghosal2021explainable,
  title   = {Explainable reinforcement learning: A survey},
  author  = {Ghosal, Soumyajit and others},
  journal = {IEEE Transactions on Neural Networks and Learning Systems},
  year    = {2021}
}

@article{bajcsy2019efficient,
  title   = {Efficient risk-averse exploration in constrained environments},
  author  = {Bajcsy, Andrea and others},
  journal = {IEEE International Conference on Robotics and Automation (ICRA)},
  year    = {2019}
}

@article{bastani2018verifiable,
  title   = {Verifiable reinforcement learning via policy extraction},
  author  = {Bastani, Osbert and others},
  journal = {Advances in Neural Information Processing Systems},
  year    = {2018}
}

@article{chu2020multi,
  title   = {Multi-agent deep reinforcement learning: A survey},
  author  = {Chu, Tianhong and others},
  journal = {IEEE Transactions on Neural Networks and Learning Systems},
  year    = {2020}
}

@article{hubner2007using,
  title   = {Using the MOISE+ model for designing an organization in multi-agent systems},
  author  = {Hubner, Jomi Fred and others},
  journal = {Proceedings of the 6th International Joint Conference on Autonomous Agents and Multiagent Systems},
  year    = {2007}
}

@article{mataric1997using,
  title   = {Using role models for designing and evaluating multi-robot systems},
  author  = {Mataric, Maja J and others},
  journal = {IEEE International Conference on Robotics and Automation (ICRA)},
  year    = {1997}
}

@article{yang2018mean,
  title   = {Mean field multi-agent reinforcement learning},
  author  = {Yang, Yaodong and others},
  journal = {International Conference on Machine Learning (ICML)},
  year    = {2018}
}

@article{hubner2010moise,
  title   = {MOISE+: Towards a structural, functional, and deontic model for MAS organizational modeling},
  author  = {Hubner, Jomi Fred and others},
  journal = {International Journal of Agent-Oriented Software Engineering},
  year    = {2010}
}

@article{su2021toward,
  title   = {Toward explainable artificial intelligence (XAI) for multi-agent systems},
  author  = {Su, Guangyao and others},
  journal = {Proceedings of the 34th AAAI Conference on Artificial Intelligence},
  year    = {2021}
}

@article{castaneda2019policy,
  title   = {Policy shaping in multi-agent systems through targeted communications},
  author  = {Castaneda, Daniel and others},
  journal = {Proceedings of the 18th International Conference on Autonomous Agents and MultiAgent Systems},
  year    = {2019}
}

@article{oliehoek2016concise,
  title   = {A concise introduction to decentralized POMDPs},
  author  = {Oliehoek, Frans and Amato, Christopher},
  journal = {Springer},
  year    = {2016}
}

@article{camara2020symbolic,
  title   = {Symbolic knowledge acquisition for safe reinforcement learning},
  author  = {Camara, Florian and others},
  journal = {International Conference on Autonomous Agents and MultiAgent Systems (AAMAS)},
  year    = {2020}
}

@article{role_based_rl_reference,
  title   = {Role-based reinforcement learning for multi-agent systems},
  author  = {Xiao, Jing and others},
  journal = {Proceedings of the 16th International Conference on Autonomous Agents and Multiagent Systems (AAMAS)},
  year    = {2017}
}

@article{options_hrl_reference,
  title   = {Between MDPs and semi-MDPs: A framework for temporal abstraction in reinforcement learning},
  author  = {Sutton, Richard S and others},
  journal = {Artificial Intelligence},
  volume  = {112},
  year    = {1999}
}

@article{feudal_rl_reference,
  title   = {Feudal networks for hierarchical reinforcement learning},
  author  = {Vezhnevets, Alexander S and others},
  journal = {Proceedings of the 34th International Conference on Machine Learning (ICML)},
  year    = {2017}
}

@article{hi_marl_reference,
  title   = {Hierarchical multi-agent reinforcement learning with dynamic goal assignment},
  author  = {Wang, Jun and others},
  journal = {Proceedings of the 36th AAAI Conference on Artificial Intelligence},
  year    = {2022}
}
