@inproceedings{soule2025aamas,
  author       = {Julien Soule and Jean-Pierre Jamont and Michel Occello and Loeïz-Mael Traonouez and Philippe Théron},
  title        = {An organizationally-oriented approach to enhancing explainability and control in multi-agent reinforcement learning},
  booktitle    = {Proceedings of the 24th International Conference on Autonomous Agents and Multiagent Systems (AAMAS)},
  year         = {2025},
  note         = {\url{https://www.aamas2025-conference.org/}},
}

@inproceedings{soule2025cloud,
  author       = {Julien Soule and Jean-Pierre Jamont and Michel Occello and Loeïz-Mael Traonouez and Philippe Théron},
  title        = {Streamlining Resilient Kubernetes Autoscaling with Multi-Agent Systems via an Automated Online Design Framework},
  booktitle    = {Proceedings of the 18th IEEE International Conference on Cloud Computing (CLOUD)},
  address      = {Helsinki, Finland},
  month        = {July},
  year         = {2025},
  note         = {\url{https://conferences.computer.org/cloud/2025/}},
}

@inproceedings{soule2024aiai,
  author       = {Julien Soule and Jean-Pierre Jamont and Michel Occello and Philippe Théron and Loeïz-Mael Traonouez},
  title        = {A MARL-based Approach for Easing MAS Organization Engineering},
  booktitle    = {Artificial Intelligence Applications and Innovations (AIAI 2024)},
  year         = {2024},
  note         = {\url{https://aiai-conference.org/2024/}},
}