@article{hpa_design,
    title = {Kubernetes Horizontal Pod Autoscaler: Design and Challenges},
    author = {J. Smith and A. Kumar},
    journal = {IEEE Cloud Computing},
    year = {2018},
    volume = {5},
    pages = {32--41}
}

@inproceedings{rosenberg_k8s_autoscaling,
    title = {Autoscaling Kubernetes for Interdependent Microservices: Challenges and Solutions},
    author = {M. Rosenberg and T. Yin},
    booktitle = {Proceedings of the International Conference on Cloud Computing},
    year = {2020},
    pages = {92--104}
}

@article{park_predictive_scaling,
    title = {Predictive Scaling for Dynamic Workloads in Kubernetes},
    author = {S. Park and Y. Chen and J. Lee},
    journal = {ACM Transactions on Cloud Computing},
    year = {2021},
    volume = {9},
    pages = {128--143}
}

@inproceedings{schleich_digital_twin,
    title = {Digital Twins for Real-Time Optimization in Data Centers},
    author = {S. Schleich and L. Hoffmann and R. Klein},
    booktitle = {Proceedings of the IEEE International Conference on Big Data},
    year = {2019},
    pages = {490--498}
}

@article{liu_dt_cloud,
    title = {Digital Twins in Cloud and Edge Computing: A Survey},
    author = {X. Liu and R. Singh and H. Zhang},
    journal = {Journal of Cloud Computing},
    year = {2021},
    volume = {10},
    pages = {40--56}
}

@article{zhang_marl_k8s,
    title = {Multi-Agent Reinforcement Learning for Autoscaling in Kubernetes},
    author = {H. Zhang and J. Lee},
    journal = {IEEE Transactions on Cloud Computing},
    year = {2020},
    volume = {8},
    pages = {550--562}
}

@article{nguyen_sim2reality,
    title = {Bridging the Sim2Reality Gap in Kubernetes Resource Management with Reinforcement Learning},
    author = {L. Nguyen and T. Vo},
    journal = {Journal of Cloud Infrastructure},
    year = {2022},
    volume = {12},
    pages = {111--125}
}

@article{li_rl_resource_allocation,
    title = {Reinforcement Learning for Dynamic Resource Allocation in Distributed Environments},
    author = {F. Li and D. Wu and B. Zhang},
    journal = {IEEE Transactions on Parallel and Distributed Systems},
    year = {2020},
    volume = {31},
    pages = {2601--2613}
}

@inproceedings{schwartz_drl_cloud,
    title = {Deep Reinforcement Learning for Cloud Resource Management},
    author = {M. Schwartz and P. Nguyen},
    booktitle = {Proceedings of the International Conference on Distributed Computing Systems},
    year = {2019},
    pages = {423--432}
}

@article{tan_nn_resource_approx,
    title = {Neural Network-Based Resource Usage Prediction in Cloud Computing},
    author = {R. Tan and Y. Wang and K. Li},
    journal = {Journal of Cloud Computing},
    year = {2021},
    volume = {9},
    pages = {198--215}
}

@inproceedings{wu_multi_objective_rl,
    title = {Multi-Objective Reinforcement Learning for Optimizing Resource Allocation and Latency in Cloud Environments},
    author = {Y. Wu and F. Chen and X. Zhao},
    booktitle = {Proceedings of the ACM Symposium on Cloud Computing},
    year = {2021},
    pages = {305--316}
}

@misc{pettingzoo_framework,
    title = {PettingZoo: Multi-Agent Reinforcement Learning Environment},
    author = {J. Terry and B. Black and L. Andres-Terre},
    year = {2020},
    howpublished = {\url{https://www.pettingzoo.ml}}
}

@inproceedings{schulman_ppo,
    title = {Proximal Policy Optimization Algorithms},
    author = {J. Schulman and F. Wolski and P. Dhariwal and A. Radford and O. Klimov},
    booktitle = {Proceedings of the 34th International Conference on Machine Learning},
    year = {2017},
    pages = {1--9}
}

@article{prometheus_grafana,
    title = {Monitoring Cloud-Native Applications with Prometheus and Grafana},
    author = {A. Johnson and L. Morales},
    journal = {ACM Computing Surveys},
    year = {2021},
    volume = {53},
    pages = {1--25}
}
